2916 4834
223 1378 310 1479 Non
331 1407 518 1474 mediocrem
538 1407 614 1490 viris
635 1405 734 1478 doctis
755 1401 966 1486 (difficultatem
998 1403 1133 1469 exhibuit
1153 1403 1229 1468 Vol-

137 1520 208 1584 catii
241 1507 368 1598 Sedigiti
392 1515 470 1602 apud
493 1513 619 1602 Gellium
640 1513 721 1591 xlv,
742 1510 783 1576 24
805 1513 859 1598 lde
881 1513 1005 1576 comicis
1028 1511 1229 1594 Romanunm

135 1623 236 1704 poetis
258 1616 423 1712 iudicium,
451 1637 476 1712 ‚a
498 1636 558 1710 quo
580 1627 670 1708 onum
693 1635 800 1706 aeppo
831 1618 931 1682 animo
955 1619 1085 1704 uiderint
1104 1621 1230 1706 primum

135 1717 236 1795 locum
256 1713 389 1802 Caecilio
414 1728 503 1799 tribui
525 1734 555 1792 et
575 1727 678 1792 Plauto
699 1727 889 1803 secundam,
926 1743 987 1792 non
1015 1726 1097 1802 lene
1120 1733 1230 1812 potue-

133 1844 223 1919 runt„
235 1837 426 1924 Terentium,
446 1837 624 1922 scriptorem
645 1835 913 1918 elegantissimum,
937 1852 1025 1916 quern
1047 1834 1230 1900 dimidiatum

134 1944 332 2010 Menandrum
354 1943 493 2026 Cacsar,¹
507 1940 599 2004 iudex
628 1941 659 2004 in
684 1939 742 2010 hac
769 1957 804 2001 rc
822 1940 1043 2022 gravissimus,¹
1064 1941 1230 2020 vocaverit,

132 2059 221 2119 sexto
243 2051 360 2132 demum
380 2049 451 2112 loco
476 2048 620 2112 collocari
642 2055 674 2114 et
692 2048 832 2131 postponi
851 2047 980 2122 Naevio,
1001 2047 1128 2124 Licinio,
1150 2047 1232 2110 Atti-

131 2160 185 2238 lio‚
207 2147 337 2222 nominis
361 2157 451 2244 multo
476 2157 661 2244 obscurioris
684 2157 792 2240 poetis.
820 2154 1121 2240 llancdillrcultatem
1135 2173 1230 2233 nuper

132 2265 336 2345 tadewtgrus·
349 2265 395 2342 (in
407 2264 496 2352 disp.
519 2263 556 2324 de
578 2263 702 2337 Conone
723 2263 866 2338 Vulcatii)
879 2260 1010 2342 ,solvere
1029 2268 1231 2345 'conatusyest

134 2375 176 2435 ita
198 2379 231 2434 ut
242 2369 366 2445 diceret,
389 2367 557 2429 Volcatium
570 2367 600 2427 in
613 2366 787 2428 ordinandis
807 2367 931 2428 comicis
951 2366 1052 2428 latinis
1069 2353 1229 2450 ¹spectasse

132 2500 194 2550 oon
215 2479 428 2562 praestantiam
449 2475 613 2566 fabularum
636 2477 667 2536 in
689 2476 863 2538 universum
885 2474 940 2537 sed
961 2474 1228 2562 minoremlmaio-

130 2605 252 2664 renue,
273 2604 361 2666 quam
383 2584 414 2646 in
435 2581 652 2646 transferendis
672 2575 794 2664 graecis
819 2582 1010 2647 adhibuerint
1031 2581 1225 2668 diligentiam.

132 2696 221 2770 Quod
244 2713 331 2774 quam
354 2693 393 2758 sit
413 2709 487 2754 vore
510 2690 704 2775 disputatum,
726 2709 805 2778 nnnc
826 2708 887 2754 non
909 2708 1001 2767 cur03
1024 2690 1104 2773 qnod
1124 2697 1226 2752 autem

133 2801 173 2864 ad
196 2801 366 2865 'lercntium
389 2801 519 2874 attinet,
542 2797 633 2860 lectio
657 2797 722 2886 eius
744 2803 854 2878 poetae
873 2796 1100 2878 diligentissima
1124 2815 1163 2861 eo
1174 2815 1223 2860 me

131 2908 276 2988 adduxit,
301 2914 333 2970 ut
357 2909 472 2970 sicam
495 2923 582 2987 quam
604 2905 795 2986 Ladewigius
815 2903 952 2968 Volcatio
970 2907 1073 2968 tribuit
1098 2924 1223 2978 mensu.

130 3036 196 3080 ram
221 3016 388 3094 adhibeas,
419 3022 535 3077 sextum
565 3013 664 3076 locum
687 3015 752 3078 iure
776 3031 843 3076 eum
866 3014 1004 3076 obtinere
1032 3013 1222 3078 contendam.

130 3125 200 3189 Scio
224 3124 344 3203 quidem
365 3125 445 3194 hanc
461 3141 558 3186 meam
580 3125 759 3202 senientiam
771 3125 877 3210 mirum
900 3128 1039 3203 quantun
1054 3122 1220 3186 abhorrere

131 3231 170 3296 ah
191 3249 250 3312 ea,
273 3248 351 3312 quae
371 3249 451 3294 nunc
473 3237 520 3293 est
542 3225 695 3318 uulgaris3
726 3228 786 3319 sed
802 3227 860 3302 hac
882 3229 1068 3308 cogitatione
1087 3246 1135 3314 me
1151 3245 1223 3312 non

128 3323 227 3422 patiar
248 3338 374 3402 retineri
400 3338 568 3418 quominus,
592 3333 673 3422 quod
695 3334 957 3422 mihipersnasum
976 3341 1032 3414 est,
1054 3353 1218 3424 argumeu.

129 3448 222 3514 tando
247 3463 344 3512 coner
366 3445 433 3508 aliis
455 3459 574 3526 quoqne
594 3441 787 3524 persuadere.
831 3441 954 3520 Confido
967 3449 1065 3512 autern
1084 3461 1220 3508 mea-ar.

127 3563 269 3638 gramenta
298 3570 361 3621 non
394 3551 460 3614 lore
499 3550 645 3616 debiliora
676 3567 764 3639 quam
799 3549 1223 3640 adversariorummeoruma

128 3679 199 3726 nam
221 3661 428 3727 Sci-rnederns
451 3659 492 3720 ita
518 3659 648 3738 disputat
663 3657 766 3748 ⁸(llisp.
785 3657 923 3722 delium.
937 3660 1123 3744 morib.pall.
1137 3661 1220 3742 labb„

126 3770 269 3832 immixtis
279 3787 307 3848 p.
317 3768 353 3844 6)
375 3767 520 3846 „artificis
544 3767 739 3851 praeconium
760 3766 841 3828 nulio
862 3765 953 3830 modo
972 3756 1059 3830 tribui
1081 3768 1217 3850 potuisse

127 3886 188 3956 (sc.
214 3877 251 3938 ab
274 3876 345 3937 llor.
366 3877 421 3956 Ep.
443 3876 477 3936 ll.
504 3875 599 3950 tuo)
631 3875 848 3956 versificatori,
880 3876 930 3960 qni
950 3892 1079 3956 graecas
1101 3876 1217 3960 fabulas

124 3983 311 4047 reddidisset
331 3984 531 4045 tantummodo
556 3989 586 4045 et
607 3983 638 4072 in
650 3981 772 4043 latinum
793 3974 994 4044 transtulisset
1016 3959 1216 4062 sermonumt,

126 4099 158 4153 et
175 4093 353 4173 paulopost
375 4092 416 4152 ait
443 4091 535 4167 ¹„Qum
557 4106 638 4153 vero¹
652 4095 741 4170 pacto
759 4088 871 4169 fecisse
890 4106 925 4154 sa
948 4089 1065 4152 fabulas
1085 4090 1217 4170 proiiteri

124 4199 242 4279 poterat
265 4200 422 4264 Terentius
446 4207 506 4275 (sc.
528 4196 622 4266 Andr.
646 4196 721 4278 prol.
746 4198 765 4258 2
790 4195 869 4271 Eun.
891 4197 1070 4276 prolinit.)
1104 4197 1131 4259 si
1154 4197 1213 4258 lide
