2916 4834
708 369 951 438 ..pg-

286 550 354 616 dum
375 549 492 612 videtur
514 549 682 629 Grauerto,
703 551 773 630 quin
799 553 825 613 is
844 551 949 614 rivalis
969 569 1031 614 non
1054 550 1144 616 luerit
1162 561 1196 615 ut
1215 554 1294 635 apud
1315 557 1378 617 Te-

284 659 412 720 rentinm
433 657 519 719 miles
542 659 714 740 gloriosus,
735 661 790 723 sed
809 661 885 724 alius
907 662 1029 741 quidam
1051 663 1185 740 iuvenis3
1214 664 1378 743 parasitum

284 772 383 830 autern
402 762 493 827 etiarn
515 768 546 827 in
568 767 714 830 Eunucho
737 768 831 830 luisse
853 769 1021 846 Menandri,
1044 786 1083 830 ne
1107 771 1242 852 cogitare
1254 770 1376 850 quidem

282 875 381 936 audet.
422 875 463 935 Αι
484 891 544 956 ego
557 876 660 938 amhae
675 893 823 957 personas
837 875 1027 944 irrEunndo
1042 879 1192 941 exstitisse
1207 878 1372 957 contendo,

280 981 352 1042 lieet
374 998 437 1044 non
458 987 538 1043 tanta
560 989 625 1044 arte
639 990 669 1046 et
690 991 749 1046 tarn
768 985 869 1047 dedita
884 1001 976 1065 opera
998 981 1108 1048 Drerlnt
1127 985 1371 1067 depictaequam

281 1089 481 1152 Terentianae
504 1108 522 1152 e
549 1091 661 1156 Colace
691 1093 879 1173 translatae,
913 1095 951 1156 de
986 1111 1043 1175 qua
1066 1090 1166 1158 iahnla
1197 1095 1373 1158 Athenaeus
1438 1101 1439 1158 l

277 1196 343 1271 (Vl.
366 1215 393 1277 p.
416 1199 493 1276 258)
514 1199 761 1284 κεχαρακτήρικε
783 1203 832 1280 δὲ,
864 1203 984 1283 inquit,
1007 1201 1050 1273 ὥς
1070 1197 1279 1280 drrrpdtwra
1300 1203 1373 1265 ἐπι·
1416 1229 1418 1233 ·

277 1307 381 1382 μελῶς
403 1303 458 1367 τόν
478 1304 598 1368 κόλακα
617 1309 803 1389 Μένανδρος
822 1311 855 1372 ἐν
875 1310 917 1395 τῷ
937 1292 1094 1394 tpmi'v'pp
1116 1305 1265 1390 δράματι.
1296 1314 1372 1371 illam

282 1419 422 1491 quantum
442 1413 580 1494 equidem
611 1415 696 1492 scio,
729 1433 879 1495 nunquam
900 1417 932 1478 in
953 1417 1113 1480 comoedia
1137 1415 1241 1478 infelix
1266 1417 1371 1482 rivalis

281 1522 341 1585 uisi
361 1522 447 1585 miles
471 1522 686 1599 inducebatur;
706 1523 882 1588 Eunuchum
904 1531 1002 1586 autem
1019 1525 1049 1587 et
1062 1526 1182 1588 militem
1198 1539 1260 1587 non
1276 1527 1372 1588 semel

280 1630 310 1691 in
333 1630 438 1692 eadem
462 1629 560 1692 l'ahula
595 1631 773 1692 coniunctos
801 1633 870 1696 esse
900 1633 1072 1693 testimonio
1106 1639 1153 1696 ost
1183 1633 1291 1714 Diphili
1316 1651 1373 1696 co-

279 1737 400 1802 moedia
421 1737 467 1798 cni
492 1734 591 1797 titulus
605 1733 770 1814 Edaodpor
789 1727 1021 1818 ἢΣτρατιώτης
1043 1735 1099 1813 (ci.
1121 1729 1211 1798 lllein.
1222 1738 1290 1802 hist.
1303 1745 1371 1809 crit.

282 1865 359 1910 com.
382 1865 411 1927 p.
434 1847 520 1923 est).
565 1844 643 1906 ltem.
661 1859 921 1926 sernumquoque
944 1845 976 1906 in
1003 1846 1114 1908 Colace
1135 1831 1228 1908 fnisse
1242 1857 1372 1930 eportet

277 1957 343 2020 eius
366 1972 528 2035 personae,
551 1971 628 2032 quae
642 1951 740 2014 militis
761 1953 864 2014 riualis
889 1953 1087 2016 inducebatur
1105 1955 1139 2031 (l.
1151 1973 1177 2016 e.
1188 1955 1371 2036 Phaedriae)

279 2069 367 2142 alque
389 2061 454 2123 eius
476 2061 557 2122 servi
578 2059 670 2120 verba
693 2075 763 2120 esse
786 2061 934 2142 suspicor,
960 2063 1102 2124 translata
1126 2082 1162 2126 ea
1183 2080 1223 2124 ex
1249 2063 1373 2143 Colace,

278 2187 339 2232 non
362 2166 520 2244 Eunucho,
544 2183 621 2246 quae
642 2165 677 2227 ll.
693 2166 711 2226 D
729 2166 807 2228 inter
829 2166 994 2230 Gnathonis
1013 2171 1372 2251 orationeminte'rposita

278 2277 436 2359 teguntur,
468 2276 539 2336 item
568 2279 601 2334 ut
622 2291 699 2355 qnae
722 2272 769 2334 lIl.
794 2273 808 2332 l
832 2291 938 2337 servus
959 2276 1098 2356 loquitur.
1148 2279 1223 2342 llam
1256 2281 1315 2342 nisi
1339 2281 1370 2343 in

282 2382 400 2446 Colacis
422 2398 526 2459 scena,
551 2397 590 2442 ex
611 2398 668 2460 qua
690 2387 805 2460 sumpta
828 2387 874 2443 est
896 2399 988 2443 scena
1010 2382 1101 2462 llll,
1124 2405 1231 2450 servus
1253 2389 1368 2466 luisset,

199 2472 203 2480 ¹
278 2509 332 2556 cur
352 2507 431 2566 erun,
455 2491 485 2550 in
509 2507 547 2551 eo
569 2489 637 2555 loco
663 2497 723 2564 (se.
748 2488 797 2550 lll.
813 2493 845 2564 1)
868 2491 988 2551 minime
1009 2497 1226 2570 necessarium,
1250 2496 1369 2556 Teren·

202 2630 206 2642 ·
279 2602 339 2662 tius
360 2617 399 2662 ex
420 2597 565 2658 Eunucho
587 2595 771 2671 ascisceret,
807 2597 980 2675 praesertim
1001 2613 1088 2675 quum
1113 2599 1367 2661 contaminatione
1438 2579 1439 2602 ¹

280 2715 405 2773 coactus
425 2711 517 2782 esset,
537 2710 569 2766 ut
588 2703 723 2766 studeret
744 2702 880 2766 brevitati
895 2704 961 2777 1er
1002 2704 1049 2766 De
1069 2721 1162 2766 scena
1182 2705 1264 2770 lita
1287 2707 1369 2770 dish·-

285 2814 371 2876 cilius
396 2820 442 2876 est
463 2813 613 2876 iudicium.
650 2811 745 2874 <Nam
774 2828 850 2890 quae
871 2811 913 2876 ibi
941 2811 978 2874 de
1003 2813 1141 2876 eunucho
1164 2815 1302 2878 dicuntur
1324 2828 1369 2891 tv.

286 2921 323 2982 19
339 2933 420 3004 sqq.)
448 2939 509 2984 non
541 2929 667 3001 possunt
686 2939 747 2983 non
770 2939 809 2982 ex
833 2922 1013 3000 cognomine
1036 2922 1134 2985 sabula
1157 2941 1226 2986 esse
1249 2924 1369 2986 descri-

283 3037 341 3110 pta.
384 3030 425 3092 ht
445 3031 477 3091 in
499 3029 604 3090 eadem
626 3045 719 3090 scena
740 3023 832 3089 ver'ha
856 3035 925 3089 sunt
939 3027 1100 3093 ihresonis
1123 3032 1366 3118 Gnathonisque;

285 3155 378 3218 quare
410 3145 459 3200 aut
488 3127 692 3266 statuendpp,
729 3155 789 3199 non
824 3135 942 3200 Colacis
965 3137 1019 3198 sed
1039 3137 1176 3201 Eunuchi
1200 3158 1271 3203 esse
1293 3141 1373 3203 hunc

284 3279 526 3292 nm

337 3353 379 3424 14)
397 3353 436 3404 Da
453 3354 526 3404 initio
547 3352 651 3404 fabulae
670 3353 697 3404 in
714 3351 819 3404 bravius
837 3359 969 3404 contracto
989 3351 1023 3404 cf.
1042 3353 1069 3404 G.
1089 3353 1119 3407 Ο.
1138 3352 1290 3406 Muellerum
1300 3351 1366 3402 Hist.

283 3447 341 3498 Litt.
361 3463 399 3514 gr.
418 3447 450 3498 11.
471 3446 531 3500 276.
569 3447 609 3498 nd
628 3447 779 3497 Eunuchum
796 3447 826 3497 V.
837 3445 862 3512 6,
880 3445 914 3499 30
932 3447 1026 3498 Donati
1044 3446 1139 3516 legitur
1158 3446 1288 3497 adnotatio
1308 3445 1369 3496 dlo-

285 3544 402 3610 nisests'us
420 3543 468 3593 hoc
486 3542 632 3593 Menander
651 3542 778 3612 amplicat,
804 3543 858 3592 iam
878 3544 978 3610 pridem
1003 3545 1123 3610 infestum
1140 3541 1271 3592 meretrici
1288 3559 1373 3594 senem

283 3646 341 3707 post
359 3648 505 3706 corruptum
525 3639 557 3688 uh
578 3653 610 3688 ec
629 3637 792 3701 Phaedriam,
808 3629 878 3689 nunc
896 3639 993 3688 demum
1010 3654 1036 3688 se
1047 3638 1298 3688 incentcoccusiona
1310 3639 1370 3690 oin-

287 3734 437 3785 diccturcm.
475 3733 538 3784 Hinc
559 3741 665 3798 apparet
685 3732 796 3783 Terentii
817 3732 927 3784 studium
948 3731 1088 3782 brevitatis.
1125 3731 1245 3783 Getarum
1259 3733 1371 3783 Grauer-

204 3897 206 3904 y
286 3838 326 3882 tua
347 3829 443 3900 (Anuli.
465 3845 490 3895 p.
502 3827 563 3896 159)
583 3827 651 3894 quod
670 3830 706 3878 ait
724 3828 792 3894 apud
812 3827 976 3898 Menandrum
995 3828 1078 3893 ipsam
1101 3843 1190 3879 senem
1208 3828 1305 3892 dicere,
1324 3829 1372 3878 iam

287 3919 393 3993 pridem
406 3941 434 3976 se
455 3923 575 3975 iniectum
596 3939 654 3974 esse
674 3924 811 3987 meretrici,
829 3939 879 3973 non
899 3921 963 3972 illud
984 3922 1015 3972 de
1036 3938 1099 3976 eene
1119 3940 1223 3975 narrare
1233 3924 1372 3974 Parmeno-

285 4040 354 4086 narn,
375 4024 494 4090 quoniam
513 4039 540 4072 se
557 4022 747 4072 vindicaturum
765 4019 858 4071 dixerit
876 4017 1008 4083 Donatus,
1027 4036 1078 4072 nun
1101 4039 1157 4072 eum
1173 4020 1373 4082 vindicaturum,

203 4177 207 4186 ,
284 4099 452 4184 tatsunresm
471 4133 529 4168 narn
546 4133 573 4167 se
593 4117 755 4167 accusativus
775 4122 814 4166 est
832 4113 936 4179 obiecti,
953 4116 1073 4184 infestum
1087 4134 1172 4170 senem
1183 4113 1303 4180 subiecti,
1324 4128 1374 4166 nec

280 4216 364 4284 potuit
383 4215 440 4268 sine
457 4231 484 4266 se
503 4213 590 4264 dicere
608 4211 723 4264 Donatus
741 4227 797 4264 eum
817 4209 1012 4265 vindicaturum.
