2916 4834
580 413 624 430 ...
677 379 702 448 9
754 379 840 462 ...5‘E

233 569 286 632 liis
317 567 484 630 rationibus
511 565 665 645 adducor,
697 575 730 628 ut
758 567 880 630 credam
911 567 992 648 prius
1027 585 1045 628 a
1075 563 1240 631 Menandro
1290 632 1296 642 ,

142 677 293 757 scriptam
314 691 385 737 esse
407 673 619 754 simpliciorem
640 675 779 751 fabulam,
796 673 957 752 nudam,
978 691 1067 755 mam
1083 691 1170 754 quum
1182 676 1242 736 ite-

150 798 217 846 rum
237 782 328 859 pellet
344 787 435 860 poeta
456 782 487 841 in
500 798 593 842 scena
606 783 804 859 committere,
823 787 857 842 ut
870 788 975 860 posset
989 799 1043 861 pro
1062 800 1140 844 nova
1163 801 1242 845 ven-

151 890 268 967 ditare,
293 889 362 950 'alia
391 889 536 950 orationis
570 889 666 950 forma
702 888 798 950 induit
825 889 989 968 paucisque
1019 875 1120 952 scenis
1149 892 1241 968 auxit,

151 998 259 1079 quibus
280 1000 336 1076 pro
356 1013 417 1060 uno
443 1013 547 1058 amore
570 995 647 1057 duos
668 995 812 1073 inferret,
835 995 952 1074 reliquo
974 1013 1035 1057 non
1057 1004 1168 1058 mutato
1187 1015 1242 1060 ar-

146 1110 302 1186 gumento.
343 1104 442 1183 Atque
463 1121 519 1164 eae
541 1109 610 1165 sunt
630 1119 755 1180 scenae,
777 1119 851 1182 quas
871 1101 1028 1166 Terentius
1050 1105 1080 1165 in
1095 1105 1242 1169 Andriam

151 1229 238 1277 auaui
259 1211 405 1274 transtulit
428 1231 446 1272 e
467 1211 667 1288 Perinthia0).
757 1257 761 1266 .

176 1343 179 1350 ·
231 1320 306 1382 Nam
329 1320 451 1382 Charini
470 1337 631 1400 personam
656 1325 687 1379 et
706 1317 850 1398 Byrrhiae
874 1316 913 1378 de
929 1335 984 1379 suo
1000 1318 1168 1381 Terentium
1184 1322 1243 1382 ad-

152 1427 278 1504 didisse,
301 1427 328 1488 si
348 1434 429 1490 esset
450 1443 504 1505 per
524 1444 559 1486 se
578 1425 753 1503 verisimile,
777 1425 857 1505 quod
879 1443 941 1487 non
964 1433 1020 1503 est,
1044 1429 1124 1488 omni
1145 1429 1242 1490 desti.

150 1541 287 1596 tueretm
306 1532 517 1612 probabilitate
542 1533 601 1593 alio
626 1540 833 1614 argumento„
858 1523 1001 1596 Nimirum
1023 1534 1161 1596 Luscium
1177 1536 1243 1600 sci-

150 1659 237 1718 mos,
259 1649 434 1721 perpetuum
459 1639 590 1701 Terentii
612 1640 868 1717 obtrectatorem,
891 1658 1020 1720 graecas
1043 1641 1158 1704 tabutas
1182 1649 1240 1704 tam

150 1750 311 1831 diligenter
333 1750 472 1829 vertisse,
495 1755 528 1810 ut
549 1766 588 1810 ne
612 1748 720 1828 pedem
742 1745 1012 1828 quidem-auderet
1031 1747 1122 1810 abiis
1139 1748 1243 1810 disoe-

149 1858 223 1920 dere
245 1853 313 1933 (Gi.
328 1859 404 1918 Eun.
427 1857 505 1936 prol.
529 1855 643 1934 7sqq.]
679 1862 710 1916 et
731 1861 891 1934 propterea
912 1855 1053 1915 Terentio
1074 1856 1146 1916 vitio
1169 1873 1242 1916 verz

146 1968 240 2043 iisse,
266 1961 347 2044 quod
371 1981 433 2026 non
454 1964 590 2044 integras
610 1962 753 2024 redderet
774 1961 1057 2042 fabulas'graeoas,
1084 1961 1137 2022 sed
1152 1977 1241 2022 :oon-

149 2071 323 2134 taminando
345 2077 561 2150 corrumperet.
611 2069 673 2132 lam
697 2085 793 2146 uero,
827 2085 886 2148 quo
908 2068 997 2129 talem
1019 2067 1115 2130 virum
1140 2069 1240 2129 animo

145 2173 387 2244 hurum‘lurssa
412 2177 571 2240 credamus
592 2184 704 2239 tantam
724 2175 901 2252 licentiam,
925 2181 1036 2236 tantam
1058 2191 1240 2255 graecorum

148 2281 363 2370 exemplarium
388 2287 634 2366 corruptionem,
665 2289 805 2364 quantam
837 2281 946 2344 additis
978 2281 1015 2344 de
1045 2298 1101 2343 suo
1125 2281 1242 2345 duabus

148 2396 289 2476 personis
310 2393 467 2454 Terentius
491 2392 548 2464 sibi
572 2393 654 2452 visus
677 2398 760 2452 esset
784 2389 971 2452 indulsisse?
998 2389 1105 2452 Nonne
1121 2389 1151 2451 id
1165 2409 1240 2470 prae

147 2503 259 2566 soteris
285 2501 324 2568 ab
356 2517 394 2561 eo
416 2499 614 2578 vituperatum
644 2504 726 2560 esset
756 2497 1010 2578 damnatumque?
1037 2515 1149 2559 nonne
1180 2497 1240 2560 tale

147 2613 261 2672 crimen
284 2601 425 2670 Terentio
447 2608 477 2668 in
500 2607 635 2688 prologis
653 2605 875 2668 defendendum
892 2605 1026 2668 luisset?
1046 2605 1134 2679 Quod
1150 2623 1239 2684 quum

146 2735 208 2778 non
230 2731 298 2778 esse
321 2716 433 2778 factum
453 2716 620 2793 videamus,
641 2714 712 2776 illud
734 2731 853 2795 quoque
876 2714 1047 2794 negandum
1066 2720 1131 2788 est,
1157 2714 1239 2792 quod

147 2824 250 2886 dicunt
279 2824 316 2886 ab
338 2829 405 2905 ipso
427 2825 566 2886 Terentio
590 2825 728 2885 inventas
752 2839 822 2885 esse
841 2838 997 2902 personas.
1013 2822 1107 2901 duas,
1143 2800 1238 2902 praa}

146 2933 251 2996 sertim
273 2923 362 3012 quum
382 2928 495 2995 hocin
519 2933 652 3011 Andria,
674 2932 768 3012 prima
791 2949 880 3014 quam
900 2932 1021 3012 scripsit
1043 2929 1166 3010 labule,
1189 2929 1239 2993 la-

180 3115 209 3185 6)
228 3113 286 3165 Non
304 3115 399 3165 iniuria
419 3094 545 3182 quaerere
566 3115 659 3182 aliquis
677 3118 774 3184 possit,
794 3132 839 3168 cur
857 3131 909 3167 non
927 3122 1006 3166 totam
1016 3112 1171 3166 Perinthiam
1182 3130 1241 3164 ma-

146 3204 224 3257 luerit
242 3207 375 3260 Terentius
396 3187 545 3273 translerre,
565 3211 591 3259 in
610 3226 660 3276 qua
681 3211 783 3262 scilicet
802 3226 859 3260 cum
878 3210 991 3260 Andriae
1010 3216 1163 3276 argumento
1191 3191 1245 3260 eae¹

145 3315 242 3351 scenae
261 3301 310 3352 iarn
330 3303 356 3352 in
376 3319 454 3353 unum
475 3303 668 3370 conglutinatae
688 3305 797 3369 luerint,
819 3321 883 3373 quas
901 3307 927 3355 iu
949 3321 995 3356 sua
1018 3303 1106 3354 fabula
1124 3302 1239 3354 noluerit

143 3393 295 3445 desiderari.
330 3396 519 3464 Explicendum
536 3408 576 3450 est
594 3401 643 3451 hoc
661 3417 694 3451 ex
711 3399 828 3452 dissimili
848 3403 980 3463 oratione,
999 3416 1050 3470 qua
1068 3402 1163 3467 scripta
1184 3409 1239 3451 erat

147 3489 279 3542 Perinthia
300 3492 346 3563 (of.
365 3494 424 3544 And
453 3494 517 3561 prol.
538 3495 591 3568 12),
610 3511 677 3563 quae
695 3498 780 3548 minus
800 3495 919 3549 Terentio
939 3513 1014 3565 quam
1033 3497 1146 3548 Andriae
1157 3498 1238 3546 oratio

144 3583 272 3636 credenda
292 3594 332 3642 est
353 3586 494 3654 placuisse.
531 3587 571 3638 Ex
588 3587 638 3639 boc
656 3591 837 3656 consequitur,
856 3606 909 3642 non
926 3592 962 3642 ita
979 3589 1125 3640 Terentium
1144 3603 1239 3656 graeca

143 3679 322 3746 banstulissa,
352 3690 381 3732 ut
400 3681 584 3750 aliquomodo
603 3699 738 3736 scenarum
759 3695 910 3754 argumenta
927 3686 1049 3737 redderet
1067 3684 1166 3748 latine,
1192 3684 1237 3734 sed

144 3773 222 3823 etiam
238 3775 379 3826 orationem
398 3792 469 3828 suam
488 3777 520 3828 ad
541 3793 662 3844 graecam
680 3794 794 3830 normam
816 3779 1002 3830 conformasse.
1040 3779 1167 3830 Probatur
1188 3779 1239 3829 boc

143 3869 297 3934 comparatis
316 3869 432 3937 prologis
457 3869 617 3924 Terentianis
638 3874 755 3942 ipsisque
781 3873 895 3937 fabulis,
928 3875 953 3922 in
986 3872 1080 3939 quibus
1105 3873 1238 3926 dissimilis

143 3963 226 4012 oratio
247 3977 278 4012 ac
297 3963 371 4014 stilus
392 3979 444 4016 non
463 3973 550 4033 potest
567 3982 618 4017 non
637 3970 753 4034 agnosci.
791 3967 858 4031 Quin
871 3971 948 4019 etiam
959 3968 1080 4019 Phormio
1092 3976 1118 4018 et
1128 3968 1253 4032 Hecprm¹

143 4073 210 4123 quae
230 4065 281 4108 non
301 4074 316 4108 e
333 4059 473 4111 Menandro
491 4061 631 4113 translatae
649 4072 716 4127 sunt,
736 4066 854 4114 oratione
879 4062 1038 4132 aliquantum
1057 4062 1239 4129 discrepante

70 4135 72 4140 ¹
146 4151 238 4202 ceteris
257 4150 361 4202 fabulis.
399 4151 427 4203 Id
448 4155 563 4204 sensisse
583 4154 686 4206 videtur
706 4155 838 4208 Becherus
858 4156 902 4224 (de
920 4155 1069 4208 comllom.
1082 4157 1133 4208 lab.
1147 4173 1172 4224 p.
1184 4157 1238 4227 77),

146 4253 221 4310 quum
240 4244 371 4299 diversum
391 4255 486 4314 poetae
506 4249 640 4315 ingenium
660 4249 686 4300 ln
704 4246 858 4299 Phormione
883 4263 911 4300 se
929 4249 1062 4303 invenisse
1079 4251 1237 4320 profiteatur.
