2916 4834
641 385 886 453 ..22-

226 569 444 653 aegritudinem
469 585 551 630 suam
574 569 605 632 in
628 568 788 631 Micionem
809 573 973 647 evomeret,
992 567 1023 631 id
1054 566 1133 649 quod
1151 567 1199 631 111.
1215 567 1247 646 4,
1265 567 1308 630 65

224 697 259 742 se
279 679 422 740 iacturum
445 675 607 758 profitetur.
651 676 753 757 ltaque
775 695 815 740 ne
838 677 963 740 instituit
982 675 1101 756 quidem
1118 693 1169 740 rus
1186 675 1304 755 redire,

224 786 279 848 sed
298 783 419 846 fortuito
443 785 564 847 iiatrem
585 785 965 866 qrraerensmercenoriom
977 803 998 846 o
1017 784 1092 847 citio
1104 784 1228 848 offendit
1251 784 1309 861 (cd

219 891 269 954 iv.
293 894 323 971 9,
348 895 392 971 1).
441 891 524 956 Haeo
553 896 652 956 omnia
674 901 734 958 tam
756 902 839 957 arcte
861 902 931 957 aunt
948 895 1028 956 inter
1048 910 1119 956 sese
1145 895 1305 956 coniuncta

220 1004 250 1061 et
276 1000 306 1061 iu
327 1000 461 1062 Demeae
490 1017 592 1064 mores
620 1003 659 1064 ita
692 1003 891 1079 conveniunt,
927 1008 959 1063 ut
986 1009 1138 1082 nequeant
1167 1001 1253 1064 aliter
1272 1002 1304 1063 in

218 1119 330 1190 graeca
353 1107 452 1172 sabula
473 1111 584 1190 scripta
607 1127 685 1173 esse.
730 1112 823 1174 Porro
848 1110 885 1173 ad
907 1111 981 1173 Eun.
1000 1111 1034 1172 V.
1045 1109 1107 1187 8,4
1129 1111 1193 1185 (ed.
1214 1109 1309 1174 Benti.

219 1217 297 1296 apud
320 1217 415 1280 West.
437 1217 470 1279 V.
492 1216 525 1294 9,
545 1219 583 1294 4)
607 1217 740 1281 Donatus
758 1219 942 1298 incentu,
964 1218 1069 1299 inquit,
1088 1235 1226 1297 pesona
1250 1226 1306 1295 est,
1432 1247 1436 1264 ·

221 1322 354 1398 (scilieet
376 1325 606 1404 Parmenonis),
634 1327 676 1389 od
705 1345 794 1407 quom
814 1334 899 1410 uento
919 1328 996 1390 doec
1022 1333 1131 1390 rmrret
1154 1328 1303 1403 ennaea,

220 1430 326 1508 quibus
347 1431 449 1494 verbis
473 1433 635 1496 Grauertus
657 1433 771 1512 (Annii.
795 1445 824 1515 p.
849 1435 924 1512 172)
944 1435 1083 1498 inductus
1105 1443 1170 1512 est,
1197 1443 1230 1498 ut
1249 1453 1307 1497 su-

217 1539 407 1618 spicaretur,
435 1541 512 1620 apud
542 1541 735 1606 Menandrum
767 1543 897 1606 fortasse
927 1545 1023 1607 sotum
1046 1545 1211 1608 Chaeream
1235 1561 1305 1606 csse

218 1646 361 1727 locutum,
383 1648 464 1728 quod
485 1666 546 1710 non
570 1665 646 1730 opus
671 1658 718 1712 est
738 1651 879 1713 refutare.
908 1651 950 1714 lta
971 1653 1111 1715 Terentio
1135 1653 1305 1732 adscripsit,

219 1755 300 1834 quod
320 1771 434 1837 macco
456 1761 565 1836 poetae
588 1763 653 1820 erat
673 1757 902 1835 vindicandum,
930 1759 1066 1823 Donatus
1095 1759 1134 1822 ad
1154 1761 1304 1842 Hecyram

218 1861 309 1940 1.1,1
334 1864 440 1926 dicens
469 1863 536 1926 Hoc
546 1879 706 1944 personue-
721 1863 901 1928 Terentii
920 1883 1024 1942 more
1044 1867 1232 1930 ectriasacaa
1249 1886 1305 1930 oea

219 1980 389 2052 romanor,
412 1982 446 2034 ut
465 1975 512 2035 sic
528 1976 695 2054 annumerati
708 1975 919 2038 obscuritatem
931 1975 1224 2060 spectator-effiminat.
1248 1979 1308 2058 (ct.

220 2083 309 2144 etiam
332 2080 454 2143 alterum
478 2080 631 2145 scholiast.
649 2081 829 2145 adeundam
850 2097 997 2159 versum.)
1026 2085 1167 2148 Similiter
1188 2088 1307 2168 Hecyra

219 2189 268 2251 tii.
292 2191 324 2268 5,
345 2188 385 2250 3:
410 2185 448 2248 Ut
467 2189 544 2250 sciet
566 2189 755 2265 (Terentius)
774 2189 875 2268 nmmo
893 2207 1047 2269 personas
1070 2194 1184 2256 inducit
1203 2193 1320 2258 seeum
1399 2277 1402 2284 Ι

218 2300 379 2379 loquentes,
398 2299 504 2361 denda
526 2300 612 2378 ipsos
633 2299 795 2361 convenire
814 2299 950 2363 inuicem.
971 2301 1046 2363 ideo.
1069 2301 1105 2365 Va
1129 2304 1225 2383 1‚29:
1253 2301 1306 2366 Vi-

218 2407 350 2487 odontes
367 2411 461 2487 pocta
487 2427 526 2470 nc
544 2427 605 2470 non
624 2407 789 2469 verisimile
809 2408 982 2488 uideretur,
1010 2409 1043 2471 id
1061 2413 1175 2474 nullom
1193 2413 1306 2492 [comeo

216 2515 416 2595 meretricem,
448 2517 514 2594 ipse
543 2517 683 2576 lectorem
702 2515 882 2592 praecenit,
918 2521 948 2575 et
966 2517 1013 2575 sie
1029 2519 1097 2593 sera
1117 2519 1149 2576 iu
1168 2519 1306 2578 omnium

222 2624 398 2703 Terentius,
426 2641 504 2703 quoe
524 2623 622 2685 minus
643 2622 825 2702 peroniyoto
847 2627 919 2681 runt
945 2635 1082 2698 quaeque
1103 2621 1267 2684 manmena
1285 2639 1307 2684 o

216 2733 450 2812 consuetudine,
472 2729 556 2822 cata„
594 2732 640 2794 Ex
661 2732 707 2793 his
730 2735 872 2810 apparet,
902 2729 1049 2792 Donatum
1072 2729 1154 2811 loqui
1174 2747 1236 2792 non
1258 2738 1305 2794 sat

217 2841 357 2904 distincte
378 2849 408 2904 et
430 2849 582 2919 accurate,
606 2849 636 2903 et
658 2857 734 2920 quae
755 2853 870 2921 gracco
893 2846 1006 2920 poetae
1025 2838 1182 2919 debentur,
1202 2839 1305 2922 negti-

217 2957 325 3034 genter
347 2948 487 3012 Terentio
510 2944 694 3011 adscribere.
738 2949 838 3022 Quare
859 2965 947 3029 quum
973 2947 1054 3010 dicat
1078 2947 1160 3009 Bene
1179 2948 1303 3010 irruente

214 3075 359 3139 posenno,
381 3060 431 3120 cui
450 3067 558 3122 namet
573 3057 718 3136 Chaerea,
738 3075 776 3116 ne
796 3073 875 3117 unos
895 3056 946 3118 dio
967 3056 1117 3134 loquatur,
1137 3071 1199 3118 non
1215 3058 1305 3138 cogi-

217 3186 284 3232 mur
304 3174 336 3232 ut
360 3167 436 3248 apud
461 3167 656 3231 Menandrum
685 3183 844 3248 personam
866 3164 946 3226 itiam
973 3182 1033 3227 non
1056 3166 1207 3227 exstitisse
1231 3181 1303 3227 cre-

219 3277 333 3339 damus.
376 3278 426 3356 nt,
447 3278 555 3357 inquis,
583 3274 712 3337 additum
734 3281 780 3337 est
800 3279 833 3334 nt
846 3274 930 3352 opud
944 3271 1145 3335 Maeandrum
1154 3278 1203 3351 18).
1225 3271 1302 3346 Quid

219 3393 336 3468 autem,
369 3387 395 3448 si
416 3385 475 3447 hoo
502 3385 731 3448 additamentum
757 3390 804 3444 est
832 3382 960 3445 hominis
982 3382 1086 3459 scioli,
1114 3383 1163 3462 qui
1190 3378 1301 3441 Donati

219 3493 317 3556 verba
331 3491 414 3554 Bene
433 3492 557 3554 moenio
572 3508 709 3572 persono
730 3492 768 3553 ad
791 3489 960 3555 Terentium
980 3489 1129 3565 reserens,
1152 3486 1224 3548 nihii
1238 3503 1306 3546 ma-

218 3603 266 3684 gis
288 3601 450 3667 crediderit
474 3617 543 3664 esse
565 3606 820 3680 consentaneum,
853 3615 940 3679 quam
969 3597 1049 3677 quod
1078 3595 1185 3657 tatinus
1215 3601 1305 3675 poeta

219 3711 378 3785 invenerit,
400 3727 439 3772 eo
462 3709 597 3772 caruisse
618 3707 785 3790 graecum?
810 3706 909 3787 Atque
929 3705 970 3766 ita
991 3721 1025 3765 se
1044 3721 1108 3764 rem
1130 3702 1244 3764 habore
1264 3719 1303 3764 err

219 3820 412 3902 complurium
436 3819 618 3882 scholiorum
640 3817 864 3897 comparatione
886 3813 1046 3876 verisimile
1067 3812 1106 3875 iia
1134 3813 1208 3876 Sunt
1222 3813 1302 3874 enim

222 3947 284 3993 nou
294 3946 390 4011 pauca
404 3929 520 3993 scholia
532 3929 617 3992 initio
637 3926 755 4008 quidem
776 3924 871 4006 proba
894 3928 925 3986 et
951 3922 1050 3984 bonae
1073 3930 1174 4002 notae,
1198 3919 1302 3984 addito

222 4079 511 4092 m

273 4130 458 4240 wiltoniense
485 4167 592 4240 (Transi.
612 4183 693 4237 germ.
713 4179 773 4235 pag.
792 4165 856 4238 537)
883 4163 1022 4218 falsissimo
1052 4165 1116 4217 daec
1144 4165 1181 4215 ita
1207 4163 1309 4231 iungit:
1375 4181 1380 4210 ι

218 4267 287 4320 Bene
305 4266 410 4317 inuento
425 4277 539 4332 persono
554 4269 582 4313 ut
603 4263 671 4331 apen
690 4259 869 4324 Menandrum,
887 4275 920 4312 ne
937 4275 1003 4312 anua
1021 4258 1065 4310 det
1083 4257 1210 4322 taquam.
