2916 4834
572 389 877 472 2-10-

216 567 301 625 ctum
317 577 387 626 esse
416 561 613 643 perhibeant,
650 563 781 644 quodin
813 565 937 646 reliquis
968 565 1078 628 tatutis
1105 564 1304 636 exercitatior

213 674 303 754 poeta
326 676 357 732 ct
376 669 521 734 audacior
542 687 691 751 nunquam
713 672 770 734 sihi
792 672 921 734 indulsit.
1033 723 1036 730 ,

224 823 250 840 -,
297 777 357 840 Sed
388 780 487 840 omnia
517 779 600 843 haec.
628 787 823 860 argumenta,
856 780 962 859 quibus
994 779 1100 857 partim
1123 777 1244 851 Charini
1272 785 1305 842 et

213 881 358 968 Byrrhiae
381 887 527 964 originem
538 885 660 946 latinam
681 888 711 948 in
729 887 932 966 suspicionem
946 902 1069 963 vocare,
1091 887 1197 966 partim
1209 901 1302 967 grae.

213 1007 278 1055 cam
290 993 505 1057 commendare
519 1001 644 1056 conatus
659 1011 738 1071 sum‚¹
750 994 823 1055 nihil
838 997 961 1057 omnino
976 993 1126 1070 valebunt,
1139 993 1206 1083 nisi
1219 990 1304 1072 prius

212 1097 243 1161 id
266 1097 486 1170 fundamentum
511 1107 659 1176 evertere,
680 1118 739 1180 quo
755 1102 844 1163 nisus
867 1103 1030 1168 Grauertu‘s
1052 1117 1203 1180 ροττοηοο
1225 1101 1305 1177 illas·

212 1203 250 1264 de
274 1205 378 1283 quibus
403 1208 510 1287 agitur,
534 1208 673 1269 'Ferentio
688 1208 861 1270 vindicavit.
898 1210 973 1272 Dico
989 1208 1194 1285 scheliuslam
1217 1209 1304 1273 errius

212 1311 250 1386 ad
272 1312 367 1376 Andr.
390 1313 494 1390 11,t,1
518 1311 594 1376 haec
621 1320 668 1374 est
690 1313 862 1376 adnotatio:
886 1313 952 1375 llos
970 1327 1126 1392 personas
1149 1313 1305 1390 (scacho-3

211 1419 272 1482 sini
291 1425 321 1480 et
344 1419 503 1499 Byrrhiae)
542 1417 698 1480 Terentius
730 1420 845 1482 addidit
874 1420 1023 1500 sabatae,
1054 1439 1126 1483 nam
1152 1438 1215 1482 nen
1232 1426 1305 1482 sunl

212 1525 299 1603 apud
318 1525 541 1602 Menandrum,
561 1543 599 1592 rte
620 1526 850 1608 τραγοκώτεροο
868 1528 963 1606 fieret,
986 1528 1192 1590 Philumenam
1213 1545 1304 1604 apres

212 1638 273 1694 tem
303 1632 474 1712 relinquere
505 1633 651 1708 (sortasse
674 1633 867 1695 scribendum
897 1636 1043 1713 relinqui)
1062 1636 1144 1718 ⁴aine
1175 1637 1321 1718 sponsos

212 1739 368 1818 Pornphilo
389 1741 482 1804 oliam
502 1741 636 1802 ducente.
725 1781 727 1788 ι
1076 1791 1080 1799 ,
1186 1793 1189 1802 ,
1270 1757 1273 1764 ’

294 1848 378 1912 llaec
407 1849 500 1911 vorha
529 1848 703 1910 viderentur
731 1862 792 1908 uno
825 1845 886 1908 ictu
913 1851 1006 1908 totam
1041 1843 1304 1910 ratiocinationem
1360 1857 1363 1862 “

211 1975 308 2038 meam
322 1956 515 2038 iniungere,
532 1949 570 2024 ,si'
585 1975 619 2019 re
639 1974 713 2018 vera
734 1962 838 2018 essent
859 1953 1066 2031 Donati;'sed
1088 1953 1118 2016 id
1144 1955 1237 2034 ipsum
1255 1957 1307 2018 vi·.

213 2065 300 2132 detur
313 2081 392 2128 esse
412 2068 443 2128 in
467 2065 587 2128 dubium
612 2063 792 2126 vocandum.
834 2063 909 2125 Vide
931 2064 1034 2140 enim,
1057 2079 1145 2144 quem
1164 2063 1306 2128 lucuten-

212 2177 271 2234 tam
295 2173 442 2234 rationem
465 2167 608 2231 exhibeat
631 2167 803 2246 scholiasta,
826 2183 880 2230 cur
902 2174 992 2248 poeta
1014 2167 1123 2232 latinus
1144 2165 1309 2242 Charinum

212 2279 377 2358 addiderit,
398 2297 436 2340 rte
449 2272 678 2360 τραγικώτερον
689 2276 784 2356 fieret,
798 2275 1001 2338 Philumenam
1021 2279 1156 2354 spretam
1169 2273 1309 2354 relinqui·

213 2387 255 2450 lla
269 2389 418 2450 nevero?
444 2386 492 2448 An
507 2384 585 2446 sorte
599 2383 766 2464 Pamphilus
782 2401 901 2464 quoque
923 2383 1041 2448 additus
1059 2389 1116 2457 est,
1137 2397 1176 2444 ne
1191 2382 1307 2462 Glyce-
1332 2459 1335 2464 Ι

213 2497 289 2559 rium
312 2504 413 2576 spreta
435 2494 645 2573 relinquatur?
697 2493 859 2556 Luculenta
882 2511 957 2556 sane
981 2497 1057 2557 ratio
1079 2499 1110 2552 et
1130 2489 1308 2567 probabilis,

213 2603 336 2667 Scilicet
358 2605 464 2664 timore
485 2601 674 2682 exagitantur
697 2605 887 2680 spectatores
908 2608 938 2664 rt
959 2595 1164 2663 anxietatede
1188 2611 1223 2655 ea
1239 2593 1305 2660 vir-,

210 2711 293 2790 gine,
318 2723 395 2788 quae
412 2723 510 2788 neque
524 2723 626 2775 amare
640 2704 819 2786 Pamphilum
837 2711 984 2780 narratur,
1007 2720 1075 2777 neo,
1094 2701 1205 2780 absque
1224 2700 1307 2764 Cha·

210 2799 278 2878 rino
297 2821 388 2893 esset,
410 2833 427 2876 a
449 2830 598 2894 quoquam
611 2818 804 2877 emereretur.
848 2812 963 2876 Scimus
979 2816 1077 2875 autem
1093 2827 1182 2886 nunc,
1203 2808 1308 2872 heau-

176 2903 178 2910 ’
211 2924 495 3005 tontimorumenon,
518 2939 595 3002 quae
618 2919 757 2984 adhunc
779 2919 858 2984 diem
878 2937 933 3000 pro
947 2919 1106 2990 comoedia
1120 2918 1309 2992 habebatur„

212 3049 245 3093 re
269 3048 348 3092 vera
363 3047 432 3092 esse
451 3029 655 3111 tragoedian13
677 3028 773 3090 exitus
794 3034 876 3090 certe
899 3023 1126 3107 τραγικώτερος
1146 3030 1211 3100 est,
1236 3023 1304 3103 quio

212 3139 398 3200 Panoeratae
430 3137 488 3200 hlia
518 3132 618 3228 spreia
648 3137 825 3218 relinquitur
849 3135 919 3211 (lie.
945 3133 978 3194 V.
1003 3132 1032 3210 5,
1053 3133 1088 3194 17
1100 3141 1195 3212 sqq.).
1242 3132 1306 3194 lloc

214 3264 332 3326 quoque
357 3263 466 3308 novum
488 3263 566 3310 nunc
589 3243 665 3306 disci
681 3221 812 3324 potest,
844 3243 996 3308 Rornanos
1029 3248 1087 3302 tam
1118 3239 1248 3301 humano
1273 3245 1303 3301 et

215 3351 295 3416 rnolli
317 3353 415 3414 animo
437 3351 555 3427 titisse,
587 3357 618 3434 ut
640 3350 720 3429 quod
745 3351 853 3412 Graeci
876 3366 974 3428 aequo
1001 3349 1100 3408 animo
1124 3351 1305 3427 spectarent,

215 3461 233 3525 i.
256 3478 283 3520 e,
315 3460 417 3538 sperni
447 3439 614 3540 rirginem,
646 3475 724 3539 quae
756 3456 849 3519 semel
878 3458 907 3524 in
938 3455 1038 3518 sabula
1059 3455 1210 3516 nominata
1232 3458 1307 3529 crat,

217 3566 248 3628 id
270 3565 379 3626 latinus
400 3572 489 3644 poeta
513 3566 652 3626 crederet
676 3581 745 3626 esse
767 3561 971 3642 mitigandum.
1025 3557 1116 3620 Vides
1137 3576 1224 3638 quam
1248 3559 1314 3646 hoc¹

216 3676 257 3734 sit
276 3673 441 3750 absoniae,
461 3689 512 3733 ne
536 3672 633 3732 dicam
654 3672 800 3752 ineptum3
834 3668 889 3732 sed
912 3674 1010 3728 tamen
1031 3665 1099 3726 leve
1123 3672 1178 3743 est,
1199 3673 1307 3746 praeut

218 3779 473 3860 erismatorum,
506 3775 582 3858 quae
606 3778 739 3840 «eiusdem
762 3775 944 3838 scholiastae
971 3771 1113 3835 debemus
1140 3775 1306 3838 doctrinae.

216 3889 329 3966 Nempe
350 3887 388 3949 ad
409 3888 482 3950 lieo.
505 3886 526 3947 l.
554 3889 581 3964 l,
610 3887 623 3946 1
651 3885 741 3948 dixit:
780 3881 1087 3943 Areimodeertendam
1110 3888 1174 3959 est,
1196 3881 1228 3942 ira
1250 3883 1309 3944 hac

215 3995 323 4081 silbula
348 3993 517 4056 Terentium
537 3989 645 4054 holtam
664 3990 851 4054 sacratricem
872 3987 1073 4063 inducturum,
1092 4007 1131 4052 ne
1151 3989 1183 4051 td
1201 3997 1308 4050 contro

114 4161 117 4168 .
215 4121 327 4167 morem
347 4097 487 4164 oidectnr
506 4101 620 4182 secere,
641 4102 730 4162 etiem
744 4097 836 4162 ctiam
849 4096 1035 4160 meretricem
1047 4116 1107 4158 non
1126 4097 1238 4158 molam
1258 4097 1310 4156 in-

217 4197 345 4298 decere,
371 4218 403 4272 at
427 4212 459 4274 id
479 4212 614 4290 eeeneplo
634 4211 687 4292 [int
711 4209 860 4296 tritips'et
880 4225 938 4270 asa
961 4205 1180 4282 verisimilem.
1224 4204 1310 4268 Hane
