2916 4834
645 373 886 439 ...12-

218 557 393 646 [Andrtost.
423 557 575 639 Expedire
600 558 660 621 hoc
682 565 809 622 conatus
828 559 1048 621 estGrauertus
1069 557 1180 634 (libell.
1194 555 1315 639 plib}

221 667 321 732 suhbli
344 683 419 730 sane
443 667 587 745 artificio,
607 673 690 730 ratus
711 685 774 730 non
796 673 888 729 totam
908 683 1032 730 scenam
1056 668 1181 746 primam
1201 685 1220 728 a
1244 669 1312 730 lto-

140 823 145 832 .
202 821 208 844 .,
221 781 294 840 nato
316 775 377 838 dici
398 790 495 856 paene
513 775 622 846 iisdem
644 776 746 838 verbis
769 777 910 855 scriptam
932 792 1001 837 esse
1025 774 1313 856 inutraquesabula,

222 882 416 962 sad‘partem
445 884 511 945 eius
539 883 752 964 principalem,
773 885 792 946 i.
816 902 843 945 e.
865 885 948 946 senis
967 883 1182 948 narrationem.
1238 880 1315 946 Cre-

222 991 327 1054 dasne.
342 997 373 1052 tu
387 1007 478 1068 vero,
496 991 657 1069 Donatum,
681 993 732 1071 qui
752 999 811 1054 tam
835 991 996 1073 diligenter
1017 992 1059 1054 Xl
1081 997 1111 1054 et
1131 991 1189 1053 XX
1207 985 1314 1054 versus

222 1106 368 1178 numerat,
387 1101 438 1180 qui
458 1107 579 1180 praeter
603 1101 727 1180 primam
749 1118 871 1163 scenam
890 1101 1002 1164 luerint
1022 1103 1052 1162 in
1074 1095 1315 1164 Andria-etPe-

222 1207 333 1269 riothia
355 1207 517 1285 collocati,
537 1209 632 1270 luisse
656 1215 715 1270 tam
738 1210 854 1270 incerte
878 1209 1024 1272 dicturum
1043 1209 1175 1287 prienam
1194 1223 1317 1270 scenam

219 1332 320 1393 poene
343 1315 448 1376 iisdem
468 1315 571 1376 cerdis
591 1316 737 1396 scriptam
758 1317 805 1378 bis
827 1324 967 1392 castore,
991 1318 1017 1379 si
1040 1317 1079 1378 ad
1102 1316 1230 1397 triginta
1251 1317 1317 1378 eius

222 1440 335 1484 scenae
355 1439 462 1484 versus
483 1422 513 1483 in
537 1422 679 1485 alterutra
709 1423 810 1484 fabula
839 1440 902 1485 non
926 1423 1188 1503 comparuissent?
1241 1421 1316 1484 Nam

224 1537 268 1592 tot
285 1529 352 1594 lere
375 1547 480 1593 versus
501 1537 586 1593 extra
609 1533 692 1594 senis
715 1532 919 1596 narrationem
941 1532 1077 1611 inprime
1098 1548 1191 1594 scena
1207 1529 1317 1611 legun-

224 1644 280 1700 tur.
318 1637 395 1700 ‘Tum
417 1645 533 1716 autem,
564 1639 763 1701 credemusne
786 1637 980 1700 scholiastam
1002 1639 1083 1701 illum
1104 1655 1246 1720 sagacem
1268 1639 1319 1698 in-

223 1746 361 1825 spexisse
380 1745 573 1825 Perinthiam,
597 1747 679 1827 quod
700 1753 760 1807 tam
782 1745 971 1807 confidenter
989 1746 1066 1808 dicit
1087 1745 1125 1806 da
1148 1763 1185 1805 ea
1200 1746 1317 1806 Peren-

225 1854 296 1930 tium
317 1853 443 1933 primam
464 1871 588 1916 scenam
609 1854 781 1916 sumsisset
833 1853 975 1915 Profecto
1006 1853 1032 1916 si
1058 1853 1109 1915 ille
1138 1852 1318 1914 Perinthiam

227 1961 403 2024 cohtulisset
438 1979 505 2022 cum
527 1960 627 2022 fabula
650 1961 742 2024 latina
749 2012 758 2045 ,
786 1960 835 2022 vel
856 1963 1061 2024 tantummodo
1082 1961 1169 2023 huius
1191 1962 1320 2039 primam

225 2069 349 2128 scenam
366 2045 550 2146 perlegisset
565 2064 734 2145 diligenter,
754 2065 890 2145 vidisset,
914 2069 1033 2148 opinor,
1058 2083 1119 2128 non
1138 2067 1324 2147 potuisseia·

225 2173 376 2252 Perinthia
394 2191 498 2236 senem
521 2173 566 2237 aa
586 2191 654 2234 cum
674 2191 773 2234 acore
794 2173 885 2252 loqui,
905 2179 940 2233 at
963 2173 1047 2252 opud
1069 2171 1238 2234 Terentium
1252 2191 1319 2234 cam

226 2282 361 2346 liberto..
394 2283 469 2346 Nam
500 2281 681 2364 coloquium
710 2283 865 2362 usquead
888 2301 917 2344 v.
941 2283 980 2346 20
1003 2283 1125 2344 nonnisi
1145 2279 1260 2342 domini
1280 2280 1320 2343 li-

227 2390 364 2468 beriique
385 2395 486 2469 potest
506 2407 593 2466 esse;
616 2396 718 2450 cetera
733 2395 841 2465 autem,
862 2405 939 2467 quae
959 2389 1037 2450 inter
1058 2389 1140 2452 senis
1165 2390 1319 2450 narratio-

229 2515 300 2558 nem
320 2499 482 2576 interponit
501 2497 598 2573 Sosia‚
618 2512 769 2576 perpauca
790 2502 868 2574 sunt,
890 2503 921 2557 et
942 2497 983 2558 ita
1009 2503 1191 2576 comparata,
1213 2503 1244 2558 ut
1260 2498 1318 2556 etsi

230 2621 293 2666 non
325 2605 510 2666 abhorreant
536 2622 554 2665 a
577 2603 709 2668 mulieris
731 2604 886 2683 oratione,
914 2611 1013 2666 tamen
1042 2602 1133 2663 urulto
1160 2600 1266 2664 melitis
1286 2600 1317 2660 in

227 2730 347 2776 servum
370 2713 600 2789 conveniantss).
642 2711 790 2791 Accedit,
826 2711 1007 2792 quod'nullo
1027 2709 1120 2770 modo
1142 2704 1237 2769 mater
1259 2724 1319 2789 po-

228 2820 342 2881 tuitea
361 2817 413 2880 lilii
433 2819 514 2880 lacta
537 2820 702 2900 ignorare,
729 2835 807 2898 quae
828 2819 909 2883 Simo
932 2835 999 2878 cum
1020 2815 1129 2888 liberto
1151 2817 1320 2879 communi-

230 2934 290 2990 cat
308 2931 322 2984 J·
346 2928 443 3001 Quam·
469 2907 516 2988 db.
540 2943 608 2988 rem
635 2929 674 2988 rie
696 2926 768 2988 illud
789 2927 1034 3008 quidemverum
1058 2926 1219 3007 arbitror,
1238 2923 1321 3004 quod

229 3035 303 3101 dicit
323 3034 486 3098 scholiasta
500 3036 548 3097 ,in
567 3051 680 3114 graeca
704 3034 806 3098 sabula
820 3052 898 3096 *cum
918 3035 1014 3096 uxore
1036 3051 1150 3095 senem·
1169 3028 1321 3091 conlabo-

229 3144 304 3223 la'ri,
324 3150 478 3224 totumque
499 3142 647 3206 scholium
668 3159 729 3204 non
752 3160 820 3204 esse
844 3143 955 3204 Donati
978 3140 1130 3204 contendo
1156 3137 1211 3201 sed
1236 3140 1322 3200 eius-

230 3251 299 3338 dem
320 3259 372 3314 aut
391 3251 497 3315 similis
518 3251 675 3332 nugatoris
697 3252 772 3329 eius,
798 3253 847 3331 qui
869 3251 909 3314 de
931 3250 1062 3314 Charino
1075 3248 1245 3330 etByrrhia
1260 3250 1320 3309 'Pe-

228 3361 327 3426 rentio
351 3360 560 3422 adiudicandis
584 3367 632 3422 est
653 3359 826 3422 hariolatus.

316 3468 409 3531 hlissa
432 3469 490 3528 iam
505 3468 632 3545 ratione,
656 3485 714 3546 qua
734 3466 886 3538 inductum
901 3467 1071 3529 Terentium
1085 3466 1215 3527 autumat
1230 3458 1325 3520 sebo-

232 3577 329 3655 liasta,
350 3585 383 3639 ut
404 3576 563 3638 Charinum
589 3583 619 3637 et
636 3574 791 3656 Byrrhiam
814 3573 940 3637 adderet
961 3571 1091 3648 fabulae,
1114 3569 1205 3649 ipsius
1223 3567 1324 3648 magi-

232 3685 285 3746 stri
310 3689 527 3765 argumentum,
551 3682 633 3760 quod
655 3688 725 3760 cst,
747 3699 819 3742 nom
838 3699 900 3741 non
921 3683 991 3740 sunt
1010 3677 1095 3754 opud
1113 3675 1324 3748 Menandrum,

232 3794 263 3854 in
287 3793 429 3854 iudicium
448 3807 610 3853 vocemus:
652 3791 698 3851 Ex
720 3795 896 3866 eoautem,
928 3785 998 3866 quid
1019 3785 1121 3867 colligi
1140 3787 1260 3866 possit,
1294 3789 1326 3844 ut

234 3909 392 3982 appareat,
423 3919 519 3980 pauca
547 3907 616 3964 sunt
636 3897 853 3981 praemittenda
883 3895 1083 3971 dotatione,
1117 3912 1176 3975 qua
1205 3890 1326 3973 graecis

236 4010 455 4090 exemplaribus
476 4011 523 4070 usi
545 4011 604 4070 sint
628 4010 806 4088 interpretes
827 4003 1010 4067 Terentiani.

246 4133 526 4150 “-———-·-

273 4165 302 4232 8)
318 4167 433 4232 Apparet
454 4167 504 4220 hoc
521 4175 623 4234 praeter
644 4174 731 4217 cetera
750 4179 781 4216 err
799 4162 995 4230 proverbiorum
1009 4175 1057 4210 usu
1072 4155 1257 4227 frequentiore,
1273 4167 1332 4204 ser-

240 4238 281 4290 vis
298 4238 403 4290 usluto.
