2916 4834
584 383 808 448 ..7-

148 563 293 628 Eunucho
313 562 493 626 translatam·
511 579 581 626 esse
603 564 756 626 allinnans
778 564 819 626 m
831 564 904 640 doc,
925 567 991 642 ait,
1022 569 1069 624 cst
1089 564 1171 643 quod
1190 563 1241 626 di-

149 670 249 732 citur:
268 671 558 733 Contaminari
576 689 655 733 non
672 672 824 733 debore
842 672 1042 752 salutm,-
1063 671 1119 734 sed
1140 680 1243 734 lamen

151 779 225 842 silit
245 786 301 855 est,
322 778 523 858 quodminus
545 779 586 842 sit
606 796 721 842 verum.
763 781 837 843 Nam
857 781 992 862 singulas
1011 781 1178 842 sententias
1201 796 1243 842 ex

149 887 211 950 alio
245 887 399 967 scriptore
422 889 549 950 mutuari
577 887 674 950 nullus
700 905 829 968 unquam
861 887 1049 967 antiquorum
1077 887 1241 963 duldtavit3

150 1012 244 1076 quara
263 994 406 1058 Afranius
430 995 579 1057 Cicerone
601 1003 727 1058 auctore
749 997 811 1072 (lle
826 996 928 1061 fluido.
944 997 969 1058 l·
982 995 1019 1071 7)
1040 995 1148 1057 solitus
1160 988 1242 1073 crat,

149 1100 240 1184 locos
259 1101 404 1181 quosdam
429 1101 468 1163 dc
490 1102 657 1167 Menandro
678 1103 854 1181 transferre,
876 1111 966 1184 alque
986 1103 1073 1164 dese
1089 1102 1243 1182 ips'escri.

154 1209 213 1289 psit
232 1209 340 1282 (llacr.
358 1211 421 1274 Sat.
444 1209 492 1270 Vl.
518 1215 552 1287 l)

151 1339 154 1344 ·
314 1353 357 1366 -
378 1316 500 1393 Fateor,
520 1317 638 1394 sumpsi
655 1333 717 1375 uon
736 1315 776 1376 od
795 1317 861 1378 solo
883 1315 936 1376 illo
953 1316 1050 1391 modo,

272 1422 333 1486 sat
350 1430 385 1484 ut
407 1425 534 1504 quisque
554 1423 680 1484 dobmet
703 1423 879 1484 eouocriirct
903 1423 984 1500 pstod
1001 1423 1092 1500 mit,

168 1563 173 1572 ·
273 1529 363 1602 Quod
382 1549 430 1592 mc
451 1549 512 1590 non
530 1547 625 1607 posse
643 1531 750 1592 nutius
767 1531 874 1608 [ocare
895 1529 1020 1606 credidi,

182 1671 186 1678 -
246 1622 381 1699 uum
397 1655 419 1698 a
438 1637 558 1698 naum.
943 1667 948 1676 ·

142 1743 222 1816 *Quis
246 1729 345 1806 autem
365 1751 429 1822 est,
452 1747 502 1824 qui
524 1742 701 1818 Adiciam,
729 1748 901 1823 togslamm
921 1744 1111 1820 scriptorem,
1130 1745 1242 1802 muta-

147 1850 280 1918 minasso
303 1837 440 1912 dictitet?
481 1854 567 1923 Quae
588 1867 655 1910 cum
678 1851 720 1910 ila
740 1851 812 1926 siin,
832 1851 892 1927 q'ua
917 1847 1161 1909 lrctumaudacia
1180 1846 1243 1908 lm-

147 1959 244 2022 scium
272 1941 430 2024 credamus
459 1959 490 2020 id
511 1966 649 2038 tanquam
670 1963 825 2036 peccatam
851 1957 992 2017 Terentio
1016 1957 1153 2018 obiicere
1173 1967 1244 2016 esec

136 2081 268 2144 ausum,
304 2064 385 2143 quod
419 2066 479 2128 sibi
507 2064 702 2145 indulgebant
730 2063 860 2126 omnes?
900 2065 1035 2144 Apparet
1064 2063 1150 2125 sliam
1182 2061 1242 2124 dici

144 2175 443 2249 contaminationem,
471 2189 532 2234 non
553 2173 631 2249 eam,‘
652 2190 740 2252 quiam
753 2173 916 2236 Graucrtos
939 2184 1022 2252 (pag.
1041 2172 1117 2246 ltlt)
1140 2171 1242 2249 sigui·

145 2268 227 2357 licat,
245 2279 350 2340 uerbis
370 2279 559 2343 Terentianis
580 2280 673 2359 (prol.
695 2278 769 2356 lips

193 2413 197 2422 .
257 2383 361 2459 ¹Quum
382 2386 627 2464 consenum-in
647 2384 796 2447 Andriam
817 2383 1068 2456 mnemonico

272 2481 399 2548 Fatetur
418 2485 614 2549 transtulisse
634 2493 724 2566 utque
744 2505 833 2548 mum
850 2503 913 2564 pro
933 2485 1009 2547 suis.

146 2783 183 2834 Et
206 2783 350 2852 Epicurum
367 2794 467 2838 secutus
491 2785 541 2838 lioc
566 2787 645 2851 dicit,
671 2787 738 2840 ulter
759 2788 846 2840 Totam
861 2789 1016 2840 seutentiam
1043 2786 1185 2838 Menandri
1210 2788 1241 2840 ds

145 2877 275 2928 Euuuclio
294 2877 449 2929 translatam
473 2898 526 2932 csse
556 2882 675 2934 affirmat,
724 2882 797 2945 Quae
823 2898 976 2950 quamquam
1002 2884 1038 2934 ita
1060 2881 1241 2946 conciliantur,

145 2978 174 3021 ut
190 2971 333 3022 doctrinam
351 2971 384 3022 de
404 2973 526 3040 Epicuro,
546 2991 598 3026 nou
615 2976 694 3027 verba
713 2975 875 3028 transtulisse
895 2975 1041 3027 Terentium
1060 2975 1184 3039 dicamus,
1201 2974 1239 3044 (id

144 3065 215 3133 quod
233 3069 323 3118 tertius
344 3065 484 3120 scholiasta
504 3069 633 3136 significat
651 3087 730 3138 quum
748 3071 824 3121 dicit:
845 3070 883 3122 Et
891 3079 928 3122 cst
946 3071 1042 3142 δόγμα
1060 3071 1240 3139 'attactum

146 3165 206 3227 ou);
225 3169 311 3211 tamen
322 3161 382 3214 talis
395 3163 490 3214 ostilia
506 3167 645 3231 sententia,
664 3175 692 3215 ut
709 3181 761 3216 non
775 3165 857 3217 semel
875 3167 902 3215 in
921 3165 1047 3215 Eunucho
1066 3164 1113 3216 scd
1128 3179 1242 3215 sexcen-

146 3255 197 3304 tics
217 3254 281 3306 alias
301 3259 491 3321 pronuntiatam
509 3273 568 3308 esec
587 3273 602 3309 a
620 3259 759 3310 llauandro
776 3259 894 3322 arbitrer,
912 3267 1069 3328 quapropter
1093 3258 1240 3311 scholiastis
1268 3308 1277 3318 ,

146 3351 191 3400 uix
209 3350 333 3410 maiorem
355 3350 611 3404 iidem-tribuendam
629 3368 738 3417 censeo,
756 3367 832 3420 quam
849 3353 950 3405 scholio
968 3353 1000 3402 ad
1020 3352 1069 3403 Al.
1089 3352 1132 3404 lv.
1147 3353 1174 3417 2,
1193 3355 1239 3419 38,

145 3444 287 3496 seeundum
305 3445 375 3513 quod
383 3445 517 3506 Terentius
535 3449 649 3502 imitatus
659 3448 852 3515 cstllomerum,
871 3452 914 3518 qui
924 3447 1145 3516 dicitsuprifimim
1158 3465 1240 3520 prope

152 3539 264 3589 Troiana
281 3542 386 3614 moenio
404 3544 574 3594 coustitutum.
612 3543 698 3610 Quare
716 3540 814 3599 nullam
835 3544 938 3592 omnino
957 3544 1009 3594 vim
1028 3541 1106 3596 babet
1122 3544 1239 3598 Graucrli

149 3637 352 3712 argumentatio,
382 3651 451 3704 qua,
475 3639 536 3705 quia
556 3654 587 3689 ex
605 3637 733 3688 Eunuclio
752 3635 888 3704 Menandri
904 3639 1033 3706 sententia
1052 3636 1097 3688 illa
1119 3638 1240 3690 translatu

149 3727 199 3788 sit,
216 3725 278 3777 dicit
294 3730 415 3794 probari,
433 3745 449 3782 a
465 3731 585 3783 Terentio
604 3730 860 3797 reliquam'sccnam
882 3748 941 3782 essa
964 3733 1104 3783 inventam.
1148 3732 1240 3785 Nonus

146 3820 282 3871 Terentius
306 3837 362 3872 eam
388 3828 542 3876 senteutiam
568 3842 626 3876 cum
645 3833 698 3875 tola
723 3823 823 3892 reliqua
850 3841 929 3876 sesua
957 3827 1041 3892 potuit
1067 3827 1240 3883 cllccandro

146 3913 313 3968 transferre?
673 3977 675 3984 y
1018 3965 1022 3971 .

181 4010 210 4080 4)
231 4011 270 4062 lta
287 4011 520 4079 interpungendum
544 4030 601 4064 cum
624 4013 761 4084 Bacticis,
783 4020 827 4064 aut
845 4021 904 4078 post
923 4013 1076 4078 Perinthia,
1091 4011 1195 4066 scilicet
1211 4019 1241 4064 ul

146 4114 189 4158 aut
208 4104 240 4155 ad
260 4107 425 4170 concanora,
446 4115 490 4158 aut
505 4107 553 4160 ad.
566 4107 729 4160 transtulisse
747 4115 834 4158 mento
852 4105 996 4158 addendum
1015 4108 1096 4160 sits'ss
1112 4105 1242 4182 &daiam

148 4215 180 4249 cc
197 4200 342 4251 Perinthia.
365 4199 432 4250 lllalc
448 4201 586 4254 Graucrtus
603 4210 663 4270 post
671 4201 800 4254 Andrium
817 4203 991 4267 interpunxit3
1012 4217 1071 4252 nam
1082 4215 1134 4254 uon
1146 4201 1241 4264 omnis,
