2916 4834
632 396 874 468 ..35-

210 603 325 648 morum
348 586 551 665 descriptione
573 583 719 647 excelluit·
733 584 909 663 Terentius,
935 579 1100 647 Menander
1122 601 1182 648 non
1204 585 1303 665 potuit

206 695 346 760 Minionis
362 711 466 754 mores
487 694 528 754 ita
549 693 741 774 pingerent
763 691 835 756 hino
854 711 903 770 ea,
923 711 1001 772 puae
1026 693 1108 776 agit,
1130 693 1206 754 satis
1227 692 1300 754 ido-

205 819 295 870 ncum
318 800 496 880 explicatum
518 800 750 878 haberent'sed
773 787 898 863 coactus
921 803 997 880 era't,
1019 777 1122 862 iacere
1138 811 1205 862 eum
1218 781 1309 880 gna-'s

205 925 270 970 rum
291 907 437 972 facinoris
457 915 616 989 antequam
637 911 679 970 ita
701 903 782 989 loqui
795 926 863 993 cum
883 911 1008 985 sineret,
1028 914 1061 970 ut
1073 907 1204 987 loquitur
1214 907 1297 987 ‘apud
1346 973 1348 978 ,
1441 954 1442 990 ,

204 1015 373 1077 Terentium
395 1016 433 1093 (Ι.
447 1018 488 1094 2,
509 1015 559 1092 3).
613 1015 711 1094 vite„
724 1023 823 1078 autem
854 1034 950 1096 quam·
972 1016 1032 1077 sihi
1062 1017 1129 1094 ipsa
1150 1021 1299 1096 repugnet

204 1122 405 1200 Hermannus5
427 1123 477 1202 qui
495 1139 588 1202 ‘quum
608 1130 699 1192 autea
723 1105 1100 1212 ex·'icrentiiin'moribus
1117 1113 1299 1202 describen-

204 1229 682 1310 dis‚praestantiaconcluserit,
706 1247 768 1293 uon
788 1248 881 1320 posse
902 1223 1030 1292 eandem
1049 1229 1146 1292 'artem
1169 1231 1298 1313 cogitari

204 1339 236 1400 in
261 1336 429 1401 Menandro
446 1338 554 1401 'fuisse
587 1347 672 1420 (pag.
688 1339 776 1418 tt),
798 1357 878 1401 nunc
909 1339 940 1400 in
967 1323 1082 1410 Demea
1113 1344 1144 1400 et
1165 1337 1299 1400 Micionc

203 1445 391 1508 Terentianis
410 1464 526 1514 morum
546 1447 779 1510 inconstantiam
800 1448 858 1510 sibi
870 1447 1174 1539 videaturinvenissa
1189 1444 1297 1508 et‘cam
1338 1465 1342 1484 ¹
1442 1433 1443 1480 ἦ

203 1570 265 1615 non
285 1551 422 1633 potuisse
440 1573 457 1616 a
473 1554 640 1617 Menandro
661 1555 814 1636 proficisci
836 1539 1009 1633 contendat.
1044 1553 1123 1624 Nam
1140 1553 1297 1627 aeranem,

202 1662 306 1741 iuquit,
327 1663 415 1740 sapit,
439 1662 603 1724 secundam
625 1679 693 1722 eam
714 1662 932 1738 tractationem,
953 1678 1015 1740 pau
1027 1647 1142 1724 Demea
1154 1661 1187 1720 ia
1196 1651 1299 1722 'suedia
1347 1737 1361 1752 ⁸

199 1763 308 1847 sadala
332 1785 353 1828 a
375 1766 453 1846 Syro
471 1767 786 1846 pesstmtsecemptte
800 1767 931 1828 ludibrio
948 1766 1085 1845 nebeim,
1106 1767 1192 1844 tempe
1205 1767 1298 1827 atium

198 1875 378 1954 ,eespeetort
395 1893 491 1954 posse
512 1868 635 1954 emitum,
656 1893 747 1964 quam
769 1871 923 1954 eampum
943 1893 1024 1936 manc
1045 1874 1136 1953 quasi
1154 1869 1300 1966 partibus-

204 1982 330 2054 matatie
359 1967 409 2044 cd.
430 1988 597 2074 extremum
619 1984 734 2044 Demea
757 1969 1055 2048 adomuibasauus
1077 1981 1217 2043 tanatos
1232 1965 1299 2042 ¹ea·

201 2088 339 2166 totiitur,
371 2088 463 2150 Micio
483 2089 589 2150 actem
612 2095 703 2168 atque
722 2083 837 2150 incitas
861 2090 992 2166 omnium
1013 2079 1217 2152 voluntatibus
1240 2088 1299 2150 ob-

202 2203 372 2275 temperare
396 2196 538 2277 adipitar.
582 2197 617 2259 ln
638 2197 686 2260 his
706 2204 877 2278 practerea,
904 2196 984 2278 quod
1008 2198 1140 2259 sibinen
1154 2202 1297 2259 constans

201 2304 257 2366 fuit
277 2304 490 2383 Hermanuus,
511 2303 572 2366 hoc
593 2313 889 2387 quoquepeccatum
913 2313 986 2384 cst,
1000 2305 1082 2386 quod
1102 2305 1298 2396 stupidiorem

116 2409 118 2420 '
174 2451 176 2453 ·
202 2411 302 2475 credit
321 2395 477 2489 Demeam,
501 2429 588 2491 qttam
609 2431 719 2483 revera
742 2417 935 2494 est³⁰),'tum
955 2413 1065 2486 autem,-
1087 2414 1168 2492 quod
1187 2413 1297 2493 quihus

202 2517 344 2580 laudibus
367 2519 517 2580 extollitur
538 2520 576 2580 ab
596 2519 635 2581 iis
654 2520 848 2594 homicidae,
880 2536 957 2604 quos
978 2517 1118 2596 largitate
1137 2519 1195 2578 sibi
1220 2535 1298 2577 con-

203 2626 378 2704 ciliaverat,
401 2643 455 2688 eas
476 2643 567 2689 veras
587 2626 693 2688 laudes
713 2627 901 2694 Hermannus
926 2624 1103 2701 arbitratur,
1126 2639 1215 2702 qttum
1237 2623 1311 2684 sint·

201 2752 306 2797 merae
327 2736 559 2798 assentationes.
602 2733 690 2809 Quod
711 2740 808 2796 autem
830 2734 869 2796 ad
894 2731 1054 2795 Micionem
1076 2732 1203 2808 attinet,
1236 2745 1296 2810 quo

202 2842 360 2923 indiguum
380 2848 463 2924 putat
483 2843 687 2920 Hermannus,
717 2841 800 2921 qrrod
828 2841 937 2912 fratris
958 2838 1069 2920 filiique
1096 2838 1298 2902 voluntatibus

206 2951 401 3031 obsequatur,
421 2949 555 3012 debebat
577 2951 641 3012 eius
663 2965 765 3012 mores
778 2950 886 3020 ¹miuus
909 2951 999 3011 etiam
1020 2953 1204 3011 sustentatos
1227 2962 1297 3007 esse

206 3077 224 3120 a
245 3057 411 3119 Menandro
433 3056 628 3136 contendere,
649 3058 692 3134 si,
713 3057 751 3118 de
773 3075 831 3137 qua
845 3075 879 3119 re
899 3073 962 3119 non
984 3055 1127 3116 dubitavit
1149 3054 1300 3116 Herman-

203 3185 270 3245 uus,
291 3168 321 3230 iu
336 3167 401 3229 eius
413 3152 512 3229 fabula
529 3181 625 3228 senex
642 3167 764 3229 omniuo
778 3164 816 3226 dc
838 3166 948 3245 nuptiis
968 3181 1030 3226 non
1047 3164 1230 3245 gravabatur
1242 3165 1295 3236 31).

205 3275 249 3337 ita
265 3283 421 3356 postquam
437 3275 624 3337 Hermannos
645 3292 759 3337 momm
777 3253 1010 3337 inconstantiam
1029 3273 1059 3335 in
1078 3273 1217 3354 personis
1239 3273 1299 3333 Te.

205 3384 352 3446 rentianis
372 3383 576 3465 reprehendit,
598 3385 644 3446 sic
666 3385 782 3464 pergit:
805 3381 896 3464 Quod
915 3381 972 3443 etsi
991 3399 1053 3442 aaa
1073 3399 1140 3442 eam
1159 3381 1220 3442 oim
1237 3378 1297 3438 ita-

208 3491 278 3567 bet,
300 3497 334 3552 ut
355 3508 459 3552 eurum
474 3505 651 3570 quemquam
670 3508 783 3552 revera
801 3489 936 3552 moribus
961 3488 1027 3550 sats
1048 3487 1188 3549 cecidere
1208 3483 1297 3546 diea-

205 3616 282 3677 mus,
302 3603 402 3662 tamea
422 3598 480 3660 iaco
496 3599 610 3678 ipsam,
631 3599 713 3679 qaod
730 3599 846 3662 Demea
863 3597 1006 3660 simulata
1026 3591 1166 3673 larpt‘tate
1180 3590 1295 3672 ‚fratris

278 3861 325 3933 30)
344 3861 516 3916 Subtilissimc
529 3861 646 3914 Donatus
664 3861 696 3914 ad
714 3851 761 3914 tv(
778 3862 804 3924 2,
814 3847 849 3915 21'
869 3859 902 3910 da
920 3858 1018 3910 Demea
1038 3856 1116 3921 Mire,
1134 3857 1226 3926 inquit,
1250 3857 1297 3906 Te-

209 3956 308 4008 rentius
327 3974 370 4009 ecs
390 3959 471 4027 ipsos,
491 3959 535 4026 pai
551 3957 687 4025 fallantur,
705 3975 738 4009 ee
756 3955 846 4023 aliquo
858 3962 936 4024 parte
954 3961 1042 4005 cautes
1061 3955 1135 4022 facit.
1154 3953 1297 4019 Numquae

205 4053 352 4122 praeiacet
373 4060 419 4104 aaut
436 4051 580 4117 delectatio,
597 4052 725 4104 hominem
738 4049 911 4102 stultissimum
927 4047 1006 4116 fatti?
1041 4047 1071 4099 ln
1092 4047 1204 4099 editione
1231 4043 1296 4096 We·

206 4146 286 4199 sterh.
303 4161 350 4214 pro
368 4149 496 4202 dominam
515 4146 612 4216 legitur
628 4164 690 4212 aaa,
710 4145 780 4216 quod
798 4153 839 4200 est
854 4143 1002 4198 mutandum
1019 4150 1064 4196 aut
1081 4141 1227 4195 delendum.

277 4243 323 4316 31)
343 4242 383 4298 Gi.
401 4243 501 4310 dehac
519 4260 548 4296 rc
569 4259 637 4314 quae
655 4259 734 4312 supra
753 4257 814 4312 pag.
833 4243 868 4309 ³.1
888 4241 1026 4310 disputavi.
