2916 4834
139 571 260 652 piendas
281 587 336 651 pro
358 570 456 652 puella
486 571 591 653 viginti
618 573 713 634 mlnas
744 571 853 654 adigit,
882 577 1041 653 propteroa
1062 572 1220 636 viderier

136 679 251 762 Diphilo
275 679 450 761 prolectam,
472 681 611 762 quoniam
634 682 693 742 vim
715 681 817 741 lacere
839 679 941 742 lenoni
961 681 1139 743 iuredttieo
1155 698 1226 745 non

134 789 268 868 lieruarit,
291 788 321 850 id
344 788 417 851 nihil
430 785 520 848 'aliud
542 785 666 866 probat,
688 785 746 846 nisi
769 786 799 846 in
821 783 1096 865 Synapothnesousi
1118 786 1217 867 aliquo

133 900 221 963 modo
241 899 383 961 lenonem
404 897 652 977 placatum-esse.
706 876 768 956 Sed
796 911 883 975 quum
913 911 952 956 ex
972 893 1079 956 eadem
1099 895 1218 958 ratione

133 1013 341 1088 consequatur,
361 1007 450 1068 etiam
471 1004 550 1084 apud
560 1003 754 1066 Menandrum
765 1003 941 1084 placandum
958 1003 1098 1066 lenonem
1110 1004 1217 1079 luisse,

106 1179 108 1184 ,
134 1095 270 1180 Grauerti
289 1123 493 1199 argumentum
507 1113 580 1176 nihil
602 1115 725 1176 omuino
748 1114 874 1193 prohat3
895 1128 957 1173 non
980 1113 1059 1174 enim
1080 1117 1216 1192 apparet,

134 1241 190 1286 our
212 1237 277 1286 earu
296 1227 422 1308 virginis
443 1222 679 1304 redemptionem
703 1221 858 1286 Terentius
876 1238 894 1282 e
912 1219 1033 1302 Diphilo
1061 1221 1221 1304 sumpserit

132 1333 228 1412 potius
250 1350 338 1414 quam
359 1350 376 1394 e
396 1331 572 1395 Menandro.
595 1404 598 1410 g

209 1439 281 1502 'lam
306 1440 397 1502 debili
416 1438 647 1501 ratiocinatione
668 1437 830 1499 Grauerius
851 1453 935 1498 suam
957 1437 1127 1516 opinionem
1148 1441 1216 1496 sta-

131 1547 235 1609 bilivit.
280 1547 365 1624 Vide,
388 1563 458 1608 num
478 1547 591 1610 lirmios
613 1546 661 1625 sit,
684 1543 771 1625 quod¹
785 1560 845 1626 ego
864 1559 1042 1624 proponam,
1063 1543 1217 1622 eDiphilo

129 1675 196 1719 ease
220 1655 388 1740 translatos
407 1673 517 1719 veram
537 1653 580 1717 II.
604 1651 634 1731 1,·
658 1653 780 1732 142,
803 1657 905 1715 cetero
924 1653 1027 1715 aronio
1048 1675 1065 1718 o
1086 1650 1217 1714 umam

4 1781 5 1794 ²
126 1765 191 1829 dre.
215 1764 263 1826 ls
284 1766 365 1827 enim
386 1765 472 1828 locus
494 1773 560 1844 est,
583 1765 615 1826 in
638 1779 697 1844 quo
719 1763 819 1825 lenoni
840 1761 1017 1826 adulescens
1038 1761 1130 1841 eripit
1148 1779 1215 1823 me

18 1889 24 1930 ·,
126 1871 277 1947 adaleodi,
298 1889 386 1951 qrrem
406 1870 505 1933 looum
527 1871 682 1932 'terentius
706 1872 737 1932 in
757 1869 912 1950 Adelphos
935 1869 1094 1932 transtulit.
1140 1869 1214 1934 llam
1298 1893 1303 1912 ι

4 2011 5 2022 1
80 2047 82 2052 ,
126 1991 203 2060 (piae
223 1978 293 2040 leno
314 1989 444 2040 averso
466 1975 506 2040 di
530 1993 632 2041 seeum
654 1979 794 2059 loquitur,
810 1978 856 2040 ita
877 1984 1050 2058 comparata
1070 1983 1159 2057 sunt,
1181 1984 1217 2040 ut

82 2145 86 2151 ,
125 2088 214 2148 etiam
237 2086 304 2149 sine
327 2087 530 2166 praesedente
551 2088 617 2148 rixa
638 2087 748 2168 optime
770 2085 984 2168 intelligantur,
1006 2087 1076 2149 item
1096 2085 1214 2148 uicta-

123 2193 259 2276 siphpnis
284 2195 382 2256 'verba
411 2195 442 2256 in
471 2211 563 2256 saeua
594 2193 669 2257 ll.3
700 2201 731 2255 et
757 2194 879 2255 lratrum
913 2193 1094 2273 colloquium
1123 2192 1160 2256 ll.
1181 2189 1212 2256 4.

122 2303 284 2366 Confirmat
304 2303 363 2363 hoo
383 2300 518 2364 Donatus
542 2303 633 2363 uitato
655 2301 693 2362 ad
715 2299 749 2362 ll.
765 2303 792 2378 l,
805 2300 1034 2382 ddvlragmento
1055 2301 1212 2364 Menandri

123 2417 264 2492 Aayoorrp
291 2431 389 2472 ποιων
411 2421 595 2491 ’τοιγοσρπα
621 2432 655 2474 το
684 2431 802 2491 γρωνον
824 2409 946 2492 οἶκετην
973 2413 1097 2492 lodov,
1130 2409 1212 2492 quod

14 2531 16 2536 ’
75 2581 79 2589 ,
121 2519 257 2596 quamvis
277 2521 316 2581 sit
341 2519 606 2598 corruptissimum,
629 2523 728 2580 tamar
748 2511 806 2580 hoo
829 2518 1025 2597 demonstrat,
1046 2519 1209 2583 Sannionis
1291 2539 1293 2546 ’

4 2617 25 2668 J
95 2609 228 2702 'verta
246 2627 353 2707 quihus
375 2645 408 2690 se
420 2625 577 2707 vapulasse
593 2629 736 2708 queritur,
762 2627 956 2690 eMenandro
972 2643 1041 2690 esse
1052 2646 1209 2708 expressa.

119 2730 208 2802 Quod
229 2732 316 2813 doum
338 2735 426 2798 iaoile
438 2735 504 2798 lieri
522 2737 663 2816 potuerit,
682 2735 755 2798 nihil
768 2741 815 2797 est
832 2751 954 2810 causae,
977 2753 1031 2798 our
1049 2738 1107 2816 ipsi
1120 2738 1209 2801 nohis

57 2881 68 2904 ,s
121 2836 533 2910 difficultates‘exhiheamus
566 2823 597 2906 et
626 2851 774 2926 negantes
796 2844 979 2907 Sannionem
999 2844 1029 2906 in
1051 2844 1209 2908 Menandri

117 2931 393 3031 Adelphisluisse,
415 2952 612 3035 fragmentum
634 2953 705 3016 illud
729 2971 795 3016 oum
816 2953 962 3016 Grauerto
978 2952 1017 3014 ad
1030 2952 1105 3015 alius
1127 2952 1207 3030 (soil.

116 3057 270 3134 Demeae)
289 3075 441 3141 personae
463 3060 678 3140 narrationem,
702 3069 751 3124 ant
772 3061 851 3142 qnod
871 3061 956 3146 peius
973 3067 1030 3140 est,
1052 3059 1207 3143 adprolo-

115 3169 274 3246 gamoni
294 3186 444 3248 nunquam
467 3169 530 3245 luit,
554 3187 620 3230 oum
643 3171 675 3231 Ο.
684 3171 716 3230 F.
726 3169 897 3231 Hermanno
913 3167 1097 3232 referamus.
1141 3169 1207 3232 Ae-

117 3273 300 3335 ceditaliud
322 3285 445 3338 nostrae
465 3275 632 3336 sententiae
654 3281 879 3356 argumentum,
910 3277 1029 3356 petitum
1058 3293 1097 3337 ex
1119 3275 1207 3338 sinri-

111 3380 251 3462 litudine‚
276 3401 354 3464 quae
375 3387 453 3446 inter
472 3401 590 3445 versum
611 3383 819 3446 Terentianum
836 3385 1086 3447 etMenandreum
1108 3385 1228 3446 inter-.

114 3491 206 3553 cedit.
259 3491 382 3574 Legitur
411 3494 542 3555 enimin
564 3493 719 3555 Menandri
739 3494 844 3557 Gnom.
864 3493 944 3558 Mon.
967 3491 1062 3574 οἴμοι·
1083 3492 1119 3557 ad
1141 3490 1204 3576 poio

96 3584 208 3684 ’ἄφνω
229 3595 398 3678 δυστυχεῖν
419 3597 536 3676 μανίαν
557 3605 648 3675 ποιεῖ,
671 3598 751 3678 (prod
771 3599 873 3662 lenoni
888 3602 1006 3666 videtur
1016 3602 1204 3665 tribuendum

110 3707 145 3762 et
167 3701 447 3788 a'slerentiolatine
468 3706 614 3770 redditum
635 3706 670 3769 ll.
696 3704 774 3788 uls
795 3709 1002 3778 ila:,!dl'oime
1023 3711 1129 3793 miror,
1152 3711 1205 3792 poi

112 3808 255 3871 insanire
277 3811 429 3890 occipiunt
447 3831 487 3876 ea
510 3815 634 3880 tonna.

193 3917 352 3982 'Coereitls
371 3922 431 3982 iam
451 3915 559 3986 finibus
579 3941 695 4004 eorum,
719 3941 796 4006 quae
818 3943 835 3987 e
856 3924 1104 4005 Diphilohausta
1126 3933 1204 4013 sunt,

49 4024 60 4044 ⁴
115 4028 273 4090 transitum
299 4013 443 4092 laniamus
463 4031 501 4093 ad
521 4031 665 4112 reliquam
687 4032 806 4096 fabulae
820 4041 945 4114 partem,
968 4053 1045 4118 quae
1068 4025 1204 4108 derivata

114 4138 166 4196 est
186 4153 206 4197 e
227 4124 404 4206 Menandro.
459 4139 558 4218 Atque
587 4140 617 4201 in
637 4141 809 4204 universum
838 4141 957 4222 quidem
979 4143 1057 4206 hene
1080 4151 1111 4206 et
1131 4143 1202 4208 dili-

111 4251 227 4324 genter
260 4247 298 4310 de
327 4247 385 4312 hae
414 4265 448 4310 re
482 4247 650 4330 disputasse
680 4247 855 4312 Grauertnm
881 4265 970 4331 supra
984 4274 989 4284 ·
1002 4250 1112 4315 dietum
1129 4259 1204 4330 ·est;

556 386 797 454 ...fa-.-

1453 1033 1454 1084 l

1453 1093 1454 1164 l
