2916 4834
268 1500 271 1504 ’
364 1486 579 1558 rmus
599 1479 1065 1554 conunovultsnu.

648 1761 799 1780 -1-

210 2057 238 2119 1.
259 2035 338 2118 Nihil
358 2051 572 2136 intelligimus,
592 2051 651 2116 nisi
672 2051 754 2134 quod
778 2050 837 2132 ipsi
857 2047 1129 2131 procreaverimus.

203 2163 232 2227 2.
257 2157 465 2242 Quodcunque
485 2157 612 2223 iacimus
635 2157 763 2222 aliorum
784 2171 899 2238 eausa,
936 2157 1027 2222 etiam
1049 2161 1155 2220 nostra
1175 2171 1268 2219 eausa

258 2268 395 2332 lauimus.
1053 2252 1062 2264 ⁰

208 2375 239 2442 3.
261 2377 395 2439 Porsena
419 2389 482 2438 non
503 2378 573 2438 ante
594 2377 742 2438 moturum
761 2371 954 2454 Tarquinium
973 2371 1139 2453 Superbum
1160 2369 1270 2436 bellurn

257 2483 355 2548 intulit
374 2463 529 2546 Romanis.
1238 2555 1240 2562 Ι

207 2591 238 2656 tl.
260 2591 399 2655 Foedere
419 2607 476 2672 per
495 2589 545 2670 Sp.
570 2587 706 2651 Cassium
727 2587 788 2651 ioto
811 2606 838 2651 a
861 2605 891 2657 u
917 2586 1032 2651 cclxi
1054 2587 1182 2651 Romani
1206 2587 1269 2652 La-

257 2700 372 2780 tinique
391 2713 455 2760 non
487 2696 526 2759 ah
553 2696 670 2776 Aequis
693 2695 892 2777 Volscisque,
914 2694 970 2759 sed
990 2693 1028 2757 ah
1051 2695 1186 2759 Etruscis
1208 2697 1269 2758 im-

256 2805 393 2886 pendens
413 2805 577 2884 perieulum
599 2803 763 2867 studebant
781 2821 799 2868 a
817 2821 853 2867 se
875 2803 1054 2867 defendere.

204 2915 235 2977 5.
258 2913 331 2991 Dei,
350 2911 402 2994 qui
423 2912 549 2977 Graecis
564 2911 699 2995 Ἑρμῆς,
728 2912 817 2994 origo
840 2910 974 2976 exsulis
995 2912 1122 2976 notione
1142 2918 1190 2977 est
1211 2914 1268 2976 de-

258 3018 408 3084 ducenda.

207 3129 238 3192 6.
260 3129 373 3192 Omnes
395 3127 580 3210 philologiae
599 3133 701 3207 partes
723 3126 868 3209 dignitate
888 3131 919 3188 et
938 3125 1064 3190 utilitate
1083 3143 1183 3208 pares.

211 3233 241 3295 7.
261 3235 373 3297 critica
391 3252 443 3297 ars
467 3234 505 3297 ah
535 3233 760 3297 hermeneutiea
790 3233 910 3316 seiungi
939 3240 970 3297 et
989 3250 1045 3316 pro
1067 3251 1101 3298 se
1124 3233 1270 3298 collocari

262 3342 374 3422 nequit.

208 3449 238 3512 8.
260 3447 349 3512 Ratio
370 3447 437 3528 plus
458 3449 638 3529 valetquam
655 3445 794 3509 codicum
806 3446 1075 3510 vetustissimorum
1096 3450 1270 3515 auotoritas.

185 3555 237 3618 ’9.
257 3555 478 3638 Aristophanes
497 3554 632 3620 Nubibus
651 3552 745 3617 uoluit
768 3552 906 3617 odiosum
927 3555 1036 3636 populo
1056 3556 1187 3621 reddere
1211 3559 1272 3624 So-

262 3670 386 3728 cratem.

193 3769 242 3833 10.
267 3769 392 3834 Nimium
413 3771 470 3837 fuit
496 3769 624 3834 Bentleii
652 3767 803 3848 studium,
834 3785 894 3850 quo
920 3770 1015 3834 verba
1048 3771 1128 3853 apud
1155 3772 1273 3837 Teren-

264 3876 337 3940 tium
359 3877 492 3959 emphasi
514 3884 618 3943 notata
640 3877 695 3941 suh
708 3863 777 3939 ieta
799 3874 894 3940 voluit
916 3877 1071 3942 collocari.

192 3987 240 4049 11.
262 3986 394 4049 Terentii
417 3991 516 4050 aetate
537 4004 594 4049 eae
617 3983 746 4062 iahrdae,
772 3999 847 4064 quas
863 3999 960 4047 novas
980 3986 1272 4071 vendiderantpoe-

263 4100 332 4171 tae,
354 4100 512 4175 postquam
535 4093 630 4158 semel
651 4099 739 4156 actae
760 4097 863 4173 erant,
896 4093 928 4156 in
950 4093 1114 4162 dominium
1135 4096 1275 4160 redibant

262 4209 430 4282 poetarum.

196 4307 244 4373 12.
265 4309 385 4394 lleopra
406 4309 587 4374 Terentiana
610 4306 754 4372 translata
777 4314 824 4371 est
846 4324 885 4372 ex
907 4307 1106 4390 Apollodoro.
