2916 4834
542 1437 600 1534 ⁴v
631 1435 669 1497 .1
712 1435 749 1498 u
784 1395 884 1538 m
976 1442 1000 1536 :³
1054 1485 1057 1493 ,

621 1713 784 1725 ---..-......

258 1985 390 2048 Fuerthii
411 1993 498 2046 natus
523 2003 586 2048 sum
609 2003 689 2048 anno
711 1983 908 2047 MDCCGXXI
929 1989 1014 2064 patre
1036 1981 1152 2045 Icariae
1173 1984 1245 2045 Gai.

154 2092 239 2152 lclmo
261 2092 351 2170 ditae,
374 2099 468 2154 matre
490 2092 581 2154 Aaaa
601 2092 747 2155 Barbara
770 2091 903 2170 Braaa,
925 2107 1000 2172 quas
1021 2091 1127 2153 ambos
1149 2097 1246 2153 marte

153 2199 225 2262 mihi
247 2207 370 2280 ereptos
390 2201 481 2282 lugeo
503 2210 703 2282 praematura.
734 2202 823 2261 Pater
836 2219 924 2281 quum
939 2216 1019 2261 anno
1038 2199 1143 2260 aetatis
1158 2217 1245 2260 meae

106 2304 113 2314 '
153 2315 263 2369 octavo
286 2307 423 2369 Bonnam
444 2326 511 2370 eum
534 2308 646 2370 familia
670 2309 843 2388 migrasset,
864 2307 967 2386 primis
980 2307 1143 2369 litterarum
1157 2307 1242 2369 rudi-

150 2417 259 2476 mentis
282 2415 411 2476 imbutus
432 2431 496 2475 sum
517 2432 534 2476 a
559 2413 591 2475 0.
614 2410 711 2493 Vapel,
734 2413 799 2473 viro
820 2412 947 2494 egregio
970 2419 1001 2474 et
1021 2412 1060 2474 de
1080 2429 1128 2474 me
1150 2416 1245 2475 meri-

150 2524 276 2586 tissimo.
320 2523 352 2584 ln
369 2521 532 2603 Gymnasio
549 2521 660 2584 deinde
684 2537 772 2601 quum
794 2519 956 2582 inferiores
976 2520 1097 2584 schalas
1115 2538 1245 2602 pereur-

151 2634 271 2710 rissem,
295 2631 327 2694 0.
352 2632 386 2694 G.
410 2631 524 2708 Lacas,
545 2638 727 2714 praeceptor
747 2628 978 2708 dilectissimus,
1001 2631 1147 2692 incertam
1160 2629 1245 2690 oble.

153 2741 316 2799 stationem
339 2745 370 2800 et
391 2755 511 2818 vagam,
533 2755 621 2818 quam
642 2738 811 2800 ecuiusvis
833 2737 956 2818 generis
979 2735 1117 2798 doctrina
1131 2741 1161 2796 et
1176 2736 1243 2815 ipso

154 2845 300 2906 discendo
323 2845 542 2924 percipiebam,
572 2846 635 2908 fixit
661 2847 693 2906 in
715 2845 913 2926 scriptoribus
934 2846 1056 2926 graecis
1077 2850 1108 2906 et
1130 2843 1243 2922 latiniS,

153 2953 259 3033 quibus
282 2969 380 3014 exeo
402 2959 536 3033 tempore
559 2960 651 3018 totum
673 2973 721 3016 me
743 2955 823 3016 dedi.
880 2955 985 3034 Neque
1017 2953 1114 3016 minus
1134 2953 1172 3014 de
1195 2970 1249 3013 me-

152 3065 276 3125 meritus
299 3069 345 3124 est
364 3061 398 3123 L.
415 3061 601 3142 Scirapeaas,
623 3066 673 3145 qui
695 3065 849 3126 levitatem
871 3062 1019 3142 quandam
1036 3066 1066 3122 et
1081 3059 1244 3140 negligen-

152 3169 222 3228 tiam
246 3169 390 3247 puerilem
414 3169 438 3229 si
462 3186 524 3228 nen
538 3172 660 3230 omnino
675 3169 769 3248 potuit
781 3170 982 3248 restinguere,
1004 3173 1128 3230 atcerte
1143 3166 1243 3228 effecit

154 3275 306 3338 menende
330 3283 360 3336 et
381 3275 571 3356 castigando,
591 3283 623 3337 ut
645 3277 797 3338 studerem
819 3276 954 3338 minuere
977 3283 1008 3337 et
1025 3293 1150 3356 prorsus
1172 3278 1245 3340 evi-r

152 3389 227 3444 tare.
272 3383 393 3445 Civibus
415 3383 597 3444 academicis
626 3383 794 3464 adscriptus
823 3402 904 3447 auno
925 3383 1182 3448 dccccxxxix
1204 3385 1257 3449 ad.

153 3490 228 3553 duos
251 3509 299 3554 me
319 3493 507 3572 potissimum
532 3492 617 3555 vivos
647 3493 811 3576 applicavi,
848 3511 924 3574 quas
954 3494 1076 3576 gaudeo
1098 3453 1244 3572 possem

151 3601 398 3678 praeceptoribus
422 3601 590 3678 nominare,
611 3599 661 3660 Fr.
689 3600 739 3662 rt.
770 3600 953 3665 Weickaram
974 3608 1005 3664 et
1027 3600 1077 3663 Fr.
1100 3601 1243 3662 Ritscite-

150 3703 231 3769 diam.
286 3706 332 3767 Ac
362 3707 536 3770 Wclcireras
566 3709 685 3790 quidem
710 3727 798 3790 quum
820 3711 851 3770 in
873 3711 1035 3786 interiores
1062 3709 1244 3789 antiquitatis

149 3830 291 3876 recessus
313 3815 410 3876 subito
432 3836 480 3878 me
502 3823 632 3898 raperet,
654 3825 684 3879 et
705 3817 910 3899 mythologiae
930 3837 979 3880 me
1000 3824 1031 3879 et
1053 3818 1127 3879 artis
1141 3823 1171 3879 et
1190 3816 1241 3879 lit-

150 3929 282 3984 terarum
304 3923 461 4002 utriusque
484 3925 585 4005 popuii
606 3924 722 3987 deliciis
737 3925 958 4005 impertiretur3
980 3924 1163 3986 Ritscirctias
1178 3943 1245 3986 eam

153 4029 225 4090 mihi
247 4031 327 4092 viam
343 4033 531 4109 monstravit,
554 4051 611 4112 qua
631 4040 736 4113 posset
759 4033 797 4093 ad
818 4050 855 4094 ea
877 4034 977 4094 emnia
1000 4034 1162 4113 perveniri.
1196 4032 1245 4093 Ab

153 4155 192 4199 eo
214 4141 294 4201 enim
318 4138 439 4216 dedici,
472 4139 542 4219 quid
568 4142 607 4200 sit
627 4157 676 4202 ars
700 4142 804 4201 critica
830 4147 860 4201 et
883 4139 1034 4220 quomodo
1059 4157 1126 4201 cum
1147 4140 1245 4200 fructu

152 4245 192 4308 sit
214 4246 394 4310 exercenda.
438 4245 520 4309 Idem
542 4265 692 4311 una-eum
722 4247 875 4310 Wetctero
901 4249 931 4310 in
955 4249 1120 4312 seminario
1143 4246 1245 4308 Philo-
