<?xml version="1.0" encoding="UTF-8"?>
<!DOCTYPE html PUBLIC "-//W3C//DTD XHTML 1.0 Transitional//EN"
    "http://www.w3.org/TR/xhtml1/DTD/xhtml1-transitional.dtd">
<html xmlns="http://www.w3.org/1999/xhtml" xml:lang="en" lang="en">
 <head>
  <title>
</title>
<meta http-equiv="Content-Type" content="text/html;charset=utf-8" />
  <meta name='ocr-system' content='tesseract 3.04.00' />
  <meta name='ocr-capabilities' content='ocr_page ocr_carea ocr_par ocr_line ocrx_word'/>
</head>
<body>
  <div class='ocr_page' id='page_1' title='image "./quaestionestere00ihnegoog_0028.png"; bbox 0 0 2916 4834; ppageno 0'>
   <div class='ocr_carea' id='block_1_1' title="bbox 568 339 809 410">
    <p class='ocr_par' dir='ltr' id='par_1_1' title="bbox 568 339 809 410">
     <span class='ocr_line' id='line_1_1' title="bbox 568 339 809 410; baseline 0 -18"><span class='ocrx_word' id='word_1_1' title='bbox 568 339 809 410; x_wconf 70' lang='lat'><strong>...19-</strong></span> 
     </span>
    </p>
   </div>
   <div class='ocr_carea' id='block_1_2' title="bbox 133 525 1256 1364">
    <p class='ocr_par' dir='ltr' id='par_1_2' title="bbox 133 525 1256 1364">
     <span class='ocr_line' id='line_1_2' title="bbox 137 525 1227 611; baseline 0.004 -20"><span class='ocrx_word' id='word_1_2' title='bbox 137 527 257 591; x_wconf 87' lang='lat' dir='ltr'><strong>militem</strong></span> <span class='ocrx_word' id='word_1_3' title='bbox 282 531 312 588; x_wconf 93' lang='lat' dir='ltr'><strong>et</strong></span> <span class='ocrx_word' id='word_1_4' title='bbox 333 525 515 605; x_wconf 81' lang='lat' dir='ltr'>parasitum,</span> <span class='ocrx_word' id='word_1_5' title='bbox 538 527 618 606; x_wconf 83' lang='lat' dir='ltr'><strong>quod</strong></span> <span class='ocrx_word' id='word_1_6' title='bbox 638 527 667 589; x_wconf 90' lang='lat' dir='ltr'><strong>in</strong></span> <span class='ocrx_word' id='word_1_7' title='bbox 696 543 730 588; x_wconf 86' lang='lat' dir='ltr'><strong>se</strong></span> <span class='ocrx_word' id='word_1_8' title='bbox 750 525 823 589; x_wconf 86' lang='lat' dir='ltr'>nihil</span> <span class='ocrx_word' id='word_1_9' title='bbox 845 525 954 604; x_wconf 88' lang='lat' dir='ltr'><strong>hahet,</strong></span> <span class='ocrx_word' id='word_1_10' title='bbox 976 544 1031 598; x_wconf 84' lang='lat' dir='ltr'><strong>cur</strong></span> <span class='ocrx_word' id='word_1_11' title='bbox 1051 529 1093 592; x_wconf 87' lang='lat' dir='ltr'><strong>sit</strong></span> <span class='ocrx_word' id='word_1_12' title='bbox 1112 529 1227 611; x_wconf 85' lang='lat' dir='ltr'><strong>impro-</strong></span> 
     </span>
     <span class='ocr_line' id='line_1_3' title="bbox 135 634 1256 716; baseline 0.003 -16"><span class='ocrx_word' id='word_1_13' title='bbox 135 637 285 711; x_wconf 87' lang='lat' dir='ltr'><strong>bandum;</strong></span> <span class='ocrx_word' id='word_1_14' title='bbox 309 641 359 698; x_wconf 90' lang='lat' dir='ltr'><strong>aot</strong></span> <span class='ocrx_word' id='word_1_15' title='bbox 381 634 592 715; x_wconf 76' lang='lat' dir='ltr'>segregandae</span> <span class='ocrx_word' id='word_1_16' title='bbox 614 641 680 701; x_wconf 90' lang='lat' dir='ltr'><strong>sunt</strong></span> <span class='ocrx_word' id='word_1_17' title='bbox 704 641 765 702; x_wconf 87' lang='lat' dir='ltr'><strong>tres</strong></span> <span class='ocrx_word' id='word_1_18' title='bbox 786 635 817 698; x_wconf 89' lang='lat' dir='ltr'><strong>ln</strong></span> <span class='ocrx_word' id='word_1_19' title='bbox 836 635 895 699; x_wconf 90' lang='lat' dir='ltr'><strong>hac</strong></span> <span class='ocrx_word' id='word_1_20' title='bbox 917 652 1009 700; x_wconf 82' lang='lat' dir='ltr'><strong>scena</strong></span> <span class='ocrx_word' id='word_1_21' title='bbox 1031 643 1151 716; x_wconf 85' lang='lat' dir='ltr'><strong>parter,</strong></span> <span class='ocrx_word' id='word_1_22' title='bbox 1185 639 1227 704; x_wconf 87' lang='lat' dir='ltr'><strong>ita</strong></span> <span class='ocrx_word' id='word_1_23' title='bbox 1254 645 1256 662; x_wconf 92' lang='lat'>&#39;</span> 
     </span>
     <span class='ocr_line' id='line_1_4' title="bbox 137 743 1224 828; baseline 0.005 -21"><span class='ocrx_word' id='word_1_24' title='bbox 137 751 170 808; x_wconf 94' lang='lat' dir='ltr'><strong>ut</strong></span> <span class='ocrx_word' id='word_1_25' title='bbox 189 761 335 806; x_wconf 85' lang='lat' dir='ltr'><strong>versusa</strong></span> <span class='ocrx_word' id='word_1_26' title='bbox 360 743 455 822; x_wconf 92' lang='lat' dir='ltr'><strong>primo</strong></span> <span class='ocrx_word' id='word_1_27' title='bbox 478 743 517 806; x_wconf 86' lang='lat' dir='ltr'><strong>ad</strong></span> <span class='ocrx_word' id='word_1_28' title='bbox 546 745 703 824; x_wconf 90' lang='lat' dir='ltr'><strong>septimum</strong></span> <span class='ocrx_word' id='word_1_29' title='bbox 732 749 763 805; x_wconf 89' lang='lat' dir='ltr'><strong>et</strong></span> <span class='ocrx_word' id='word_1_30' title='bbox 786 761 804 804; x_wconf 92' lang='lat' dir='ltr'><strong>a</strong></span> <span class='ocrx_word' id='word_1_31' title='bbox 825 745 920 824; x_wconf 89' lang='lat' dir='ltr'><strong>primo</strong></span> <span class='ocrx_word' id='word_1_32' title='bbox 941 751 971 808; x_wconf 90' lang='lat' dir='ltr'><strong>et</strong></span> <span class='ocrx_word' id='word_1_33' title='bbox 990 745 1224 828; x_wconf 81' lang='lat' dir='ltr'><strong>quadragesimo</strong></span> 
     </span>
     <span class='ocr_line' id='line_1_5' title="bbox 135 849 1227 934; baseline 0 -18"><span class='ocrx_word' id='word_1_34' title='bbox 135 869 231 934; x_wconf 71' lang='lat' dir='ltr'><strong>aspre</strong></span> <span class='ocrx_word' id='word_1_35' title='bbox 261 851 300 912; x_wconf 89' lang='lat' dir='ltr'><strong>ad</strong></span> <span class='ocrx_word' id='word_1_36' title='bbox 333 849 423 914; x_wconf 89' lang='lat' dir='ltr'><strong>linem</strong></span> <span class='ocrx_word' id='word_1_37' title='bbox 449 849 682 916; x_wconf 70' lang='lat' dir='ltr'><strong>democena</strong></span> <span class='ocrx_word' id='word_1_38' title='bbox 711 849 863 914; x_wconf 78' lang='lat' dir='ltr'><strong>edolace</strong></span> <span class='ocrx_word' id='word_1_39' title='bbox 893 851 1052 914; x_wconf 88' lang='lat' dir='ltr'><strong>translatos</strong></span> <span class='ocrx_word' id='word_1_40' title='bbox 1066 857 1106 928; x_wconf 70' lang='grc' dir='ltr'>ἰ)</span> <span class='ocrx_word' id='word_1_41' title='bbox 1138 860 1227 934; x_wconf 87' lang='lat' dir='ltr'><strong>atquo</strong></span> 
     </span>
     <span class='ocr_line' id='line_1_6' title="bbox 136 954 1227 1042; baseline 0 -20"><span class='ocrx_word' id='word_1_42' title='bbox 136 960 223 1042; x_wconf 62' lang='lat' dir='ltr'><strong>quod,</strong></span> <span class='ocrx_word' id='word_1_43' title='bbox 243 957 373 1022; x_wconf 89' lang='lat' dir='ltr'><strong>medium</strong></span> <span class='ocrx_word' id='word_1_44' title='bbox 394 962 441 1020; x_wconf 88' lang='lat' dir='ltr'><strong>est</strong></span> <span class='ocrx_word' id='word_1_45' title='bbox 463 954 650 1042; x_wconf 78' lang='lat' dir='ltr'><strong>vindicemtm</strong></span> <span class='ocrx_word' id='word_1_46' title='bbox 667 954 833 1036; x_wconf 81' lang='lat' dir='ltr'><strong>Eunucho,</strong></span> <span class='ocrx_word' id='word_1_47' title='bbox 853 957 944 1020; x_wconf 92' lang='lat' dir='ltr'><strong>modo</strong></span> <span class='ocrx_word' id='word_1_48' title='bbox 968 975 1045 1037; x_wconf 88' lang='lat' dir='ltr'><strong>quae</strong></span> <span class='ocrx_word' id='word_1_49' title='bbox 1066 957 1144 1038; x_wconf 83' lang='lat' dir='ltr'><strong>apud</strong></span> <span class='ocrx_word' id='word_1_50' title='bbox 1165 959 1227 1022; x_wconf 88' lang='lat' dir='ltr'><strong>&#39;le-</strong></span> 
     </span>
     <span class='ocr_line' id='line_1_7' title="bbox 133 1062 1226 1143; baseline 0.001 -13"><span class='ocrx_word' id='word_1_51' title='bbox 133 1068 262 1132; x_wconf 85' lang='lat' dir='ltr'><strong>rentiom</strong></span> <span class='ocrx_word' id='word_1_52' title='bbox 282 1064 444 1130; x_wconf 84' lang='lat' dir='ltr'><strong>&#39;lhrasonis</strong></span> <span class='ocrx_word' id='word_1_53' title='bbox 465 1064 559 1128; x_wconf 89' lang='lat' dir='ltr'><strong>verha</strong></span> <span class='ocrx_word' id='word_1_54' title='bbox 581 1069 672 1143; x_wconf 88' lang='lat' dir='ltr'><strong>suut,</strong></span> <span class='ocrx_word' id='word_1_55' title='bbox 703 1062 810 1128; x_wconf 80' lang='lat' dir='ltr'>dentur</span> <span class='ocrx_word' id='word_1_56' title='bbox 830 1066 962 1143; x_wconf 85' lang='lat' dir='ltr'><strong>parasito</strong></span> <span class='ocrx_word' id='word_1_57' title='bbox 978 1065 1029 1141; x_wconf 67' lang='grc' dir='ltr'><strong>ιὺι.</strong></span> <span class='ocrx_word' id='word_1_58' title='bbox 1078 1065 1139 1128; x_wconf 90' lang='lat' dir='ltr'><strong>Sed</strong></span> <span class='ocrx_word' id='word_1_59' title='bbox 1159 1067 1226 1130; x_wconf 89' lang='lat' dir='ltr'><strong>sina</strong></span> 
     </span>
     <span class='ocr_line' id='line_1_8' title="bbox 134 1153 1226 1252; baseline -0.004 -12"><span class='ocrx_word' id='word_1_60' title='bbox 134 1178 229 1240; x_wconf 83' lang='lat' dir='ltr'><strong>certis</strong></span> <span class='ocrx_word' id='word_1_61' title='bbox 251 1175 429 1238; x_wconf 79' lang='lat' dir='ltr'><strong>testimoniis</strong></span> <span class='ocrx_word' id='word_1_62' title='bbox 460 1153 532 1234; x_wconf 89' lang='lat' dir='ltr'><strong>nihil</strong></span> <span class='ocrx_word' id='word_1_63' title='bbox 554 1189 609 1252; x_wconf 88' lang='lat' dir='ltr'><strong>pro</strong></span> <span class='ocrx_word' id='word_1_64' title='bbox 634 1177 718 1234; x_wconf 77' lang='lat' dir='ltr'><strong>oeno</strong></span> <span class='ocrx_word' id='word_1_65' title='bbox 742 1187 900 1250; x_wconf 92' lang='lat' dir='ltr'><strong>possumus</strong></span> <span class='ocrx_word' id='word_1_66' title='bbox 922 1171 960 1232; x_wconf 90' lang='lat' dir='ltr'><strong>de</strong></span> <span class='ocrx_word' id='word_1_67' title='bbox 979 1170 1039 1238; x_wconf 86' lang='lat' dir='ltr'><strong>hac</strong></span> <span class='ocrx_word' id='word_1_68' title='bbox 1058 1189 1153 1238; x_wconf 89' lang='lat' dir='ltr'><strong>socna</strong></span> <span class='ocrx_word' id='word_1_69' title='bbox 1176 1173 1226 1236; x_wconf 84' lang='lat' dir='ltr'><strong>al-</strong></span> 
     </span>
     <span class='ocr_line' id='line_1_9' title="bbox 136 1279 1228 1364; baseline -0.002 -18"><span class='ocrx_word' id='word_1_70' title='bbox 136 1283 263 1348; x_wconf 85' lang='lat' dir='ltr'><strong>llrmare.</strong></span> <span class='ocrx_word' id='word_1_71' title='bbox 305 1285 464 1364; x_wconf 50' lang='lat' dir='ltr'><strong>¹Utcunque</strong></span> <span class='ocrx_word' id='word_1_72' title='bbox 486 1298 521 1344; x_wconf 88' lang='lat' dir='ltr'><strong>se</strong></span> <span class='ocrx_word' id='word_1_73' title='bbox 542 1287 642 1344; x_wconf 89' lang='lat' dir='ltr'><strong>autem</strong></span> <span class='ocrx_word' id='word_1_74' title='bbox 663 1297 713 1342; x_wconf 89' lang='lat' dir='ltr'><strong>res</strong></span> <span class='ocrx_word' id='word_1_75' title='bbox 735 1279 845 1358; x_wconf 86' lang='lat' dir='ltr'><strong>hahet,</strong></span> <span class='ocrx_word' id='word_1_76' title='bbox 865 1279 1027 1362; x_wconf 75' lang='lat' dir='ltr'><strong>parasitum</strong></span> <span class='ocrx_word' id='word_1_77' title='bbox 1047 1282 1079 1344; x_wconf 89' lang='lat' dir='ltr'><strong>in</strong></span> <span class='ocrx_word' id='word_1_78' title='bbox 1099 1279 1228 1346; x_wconf 76' lang='lat' dir='ltr'><strong>Menan-</strong></span> 
     </span>
    </p>
   </div>
   <div class='ocr_carea' id='block_1_3' title="bbox 139 1479 1321 1580">
    <p class='ocr_par' dir='ltr' id='par_1_3' title="bbox 139 1479 1321 1580">
     <span class='ocr_line' id='line_1_10' title="bbox 139 1479 1321 1580; baseline -0.003 -18"><span class='ocrx_word' id='word_1_79' title='bbox 139 1501 264 1574; x_wconf 81' lang='lat' dir='ltr'><strong>Quodsi</strong></span> <span class='ocrx_word' id='word_1_80' title='bbox 276 1500 441 1580; x_wconf 80' lang='lat' dir='ltr'><strong>statuimus,</strong></span> <span class='ocrx_word' id='word_1_81' title='bbox 456 1496 698 1562; x_wconf 85' lang='lat' dir='ltr'><strong>removeturalia</strong></span> <span class='ocrx_word' id='word_1_82' title='bbox 714 1494 881 1564; x_wconf 81' lang='lat' dir='ltr'><strong>difficultas,</strong></span> <span class='ocrx_word' id='word_1_83' title='bbox 903 1495 1000 1560; x_wconf 89' lang='lat' dir='ltr'><strong>Scena</strong></span> <span class='ocrx_word' id='word_1_84' title='bbox 1012 1493 1060 1558; x_wconf 92' lang='grc' dir='ltr'>ιιι.</span> <span class='ocrx_word' id='word_1_85' title='bbox 1074 1498 1101 1574; x_wconf 89' lang='lat' dir='ltr'><strong>l,</strong></span> <span class='ocrx_word' id='word_1_86' title='bbox 1112 1492 1225 1577; x_wconf 80' lang='lat' dir='ltr'><strong>thsqq.</strong></span> <span class='ocrx_word' id='word_1_87' title='bbox 1313 1479 1321 1492; x_wconf 76' lang='grc'><em>’</em></span> 
     </span>
    </p>
   </div>
   <div class='ocr_carea' id='block_1_4' title="bbox 130 1601 1225 2116">
    <p class='ocr_par' dir='ltr' id='par_1_4' title="bbox 130 1601 1225 2116">
     <span class='ocr_line' id='line_1_11' title="bbox 134 1601 1225 1684; baseline -0.002 -14"><span class='ocrx_word' id='word_1_88' title='bbox 134 1608 280 1670; x_wconf 83' lang='lat' dir='ltr'><strong>Thrasoni</strong></span> <span class='ocrx_word' id='word_1_89' title='bbox 301 1604 410 1668; x_wconf 83' lang='lat' dir='ltr'><strong>suadet</strong></span> <span class='ocrx_word' id='word_1_90' title='bbox 431 1604 598 1684; x_wconf 86' lang='lat' dir='ltr'><strong>parasitus,</strong></span> <span class='ocrx_word' id='word_1_91' title='bbox 633 1609 689 1680; x_wconf 93' lang='lat' dir='ltr'><strong>ut,</strong></span> <span class='ocrx_word' id='word_1_92' title='bbox 718 1601 744 1664; x_wconf 92' lang='lat' dir='ltr'><strong>sl</strong></span> <span class='ocrx_word' id='word_1_93' title='bbox 766 1603 909 1667; x_wconf 80' lang='lat' dir='ltr'><strong>meretrix</strong></span> <span class='ocrx_word' id='word_1_94' title='bbox 937 1601 1101 1666; x_wconf 82' lang='lat' dir='ltr'><strong>Phaedriae</strong></span> <span class='ocrx_word' id='word_1_95' title='bbox 1133 1603 1225 1668; x_wconf 84' lang='lat' dir='ltr'><strong>iaciat</strong></span> 
     </span>
     <span class='ocr_line' id='line_1_12' title="bbox 133 1710 1224 1794; baseline -0.004 -16"><span class='ocrx_word' id='word_1_96' title='bbox 133 1718 324 1792; x_wconf 87' lang='lat' dir='ltr'><strong>mentionem,</strong></span> <span class='ocrx_word' id='word_1_97' title='bbox 346 1714 411 1794; x_wconf 87' lang='lat' dir='ltr'><strong>ipse</strong></span> <span class='ocrx_word' id='word_1_98' title='bbox 431 1710 611 1792; x_wconf 88' lang='lat' dir='ltr'><strong>Pamphilam</strong></span> <span class='ocrx_word' id='word_1_99' title='bbox 631 1713 749 1774; x_wconf 81' lang='lat' dir='ltr'><strong>accersi</strong></span> <span class='ocrx_word' id='word_1_100' title='bbox 770 1711 880 1774; x_wconf 88' lang='lat' dir='ltr'><strong>iubeat.</strong></span> <span class='ocrx_word' id='word_1_101' title='bbox 922 1710 988 1774; x_wconf 90' lang='lat' dir='ltr'><strong>llcc</strong></span> <span class='ocrx_word' id='word_1_102' title='bbox 1010 1713 1080 1792; x_wconf 86' lang='lat' dir='ltr'><strong>quia</strong></span> <span class='ocrx_word' id='word_1_103' title='bbox 1095 1712 1174 1776; x_wconf 86' lang='lat' dir='ltr'><strong>inter</strong></span> <span class='ocrx_word' id='word_1_104' title='bbox 1188 1727 1224 1775; x_wconf 83' lang='lat' dir='ltr'><strong>sa</strong></span> 
     </span>
     <span class='ocr_line' id='line_1_13' title="bbox 131 1803 1223 1905; baseline 0 -23"><span class='ocrx_word' id='word_1_105' title='bbox 131 1827 301 1905; x_wconf 80' lang='lat' dir='ltr'><strong>transigunt</strong></span> <span class='ocrx_word' id='word_1_106' title='bbox 321 1822 408 1888; x_wconf 85' lang='lat' dir='ltr'><strong>miles</strong></span> <span class='ocrx_word' id='word_1_107' title='bbox 429 1827 460 1880; x_wconf 87' lang='lat' dir='ltr'><strong>et</strong></span> <span class='ocrx_word' id='word_1_108' title='bbox 472 1803 621 1898; x_wconf 85' lang='lat' dir='ltr'><strong>parasitus</strong></span> <span class='ocrx_word' id='word_1_109' title='bbox 646 1818 805 1882; x_wconf 82' lang='lat' dir='ltr'><strong>uidebatur</strong></span> <span class='ocrx_word' id='word_1_110' title='bbox 825 1819 972 1880; x_wconf 90' lang='lat' dir='ltr'><strong>Grauerto</strong></span> <span class='ocrx_word' id='word_1_111' title='bbox 996 1837 1016 1880; x_wconf 87' lang='lat' dir='ltr'><strong>e</strong></span> <span class='ocrx_word' id='word_1_112' title='bbox 1028 1819 1139 1884; x_wconf 82' lang='lat' dir='ltr'><strong>Colace</strong></span> <span class='ocrx_word' id='word_1_113' title='bbox 1153 1836 1223 1884; x_wconf 86' lang='lat' dir='ltr'><strong>esse</strong></span> 
     </span>
     <span class='ocr_line' id='line_1_14' title="bbox 130 1923 1223 2012; baseline 0.002 -22"><span class='ocrx_word' id='word_1_114' title='bbox 130 1930 318 1996; x_wconf 88' lang='lat' dir='ltr'><strong>arcessitum.</strong></span> <span class='ocrx_word' id='word_1_115' title='bbox 363 1927 473 1990; x_wconf 89' lang='lat' dir='ltr'><strong>Verum</strong></span> <span class='ocrx_word' id='word_1_116' title='bbox 506 1931 614 2004; x_wconf 87' lang='lat' dir='ltr'><strong>postea</strong></span> <span class='ocrx_word' id='word_1_117' title='bbox 638 1941 728 2004; x_wconf 86' lang='lat' dir='ltr'><strong>quum</strong></span> <span class='ocrx_word' id='word_1_118' title='bbox 750 1940 789 1985; x_wconf 89' lang='lat' dir='ltr'><strong>ex</strong></span> <span class='ocrx_word' id='word_1_119' title='bbox 816 1923 939 2006; x_wconf 83' lang='lat' dir='ltr'><strong>parasiti</strong></span> <span class='ocrx_word' id='word_1_120' title='bbox 960 1928 1129 2007; x_wconf 84' lang='lat' dir='ltr'><strong>praeceptis</strong></span> <span class='ocrx_word' id='word_1_121' title='bbox 1151 1935 1223 2012; x_wconf 78' lang='lat' dir='ltr'><strong>apat</strong></span> 
     </span>
     <span class='ocr_line' id='line_1_15' title="bbox 131 2013 1222 2116; baseline 0.003 -17"><span class='ocrx_word' id='word_1_122' title='bbox 131 2037 256 2115; x_wconf 80' lang='lat' dir='ltr'><strong>Thraso,</strong></span> <span class='ocrx_word' id='word_1_123' title='bbox 276 2037 371 2100; x_wconf 87' lang='lat' dir='ltr'><strong>oritur</strong></span> <span class='ocrx_word' id='word_1_124' title='bbox 393 2036 520 2116; x_wconf 84' lang='lat' dir='ltr'><strong>iurgium</strong></span> <span class='ocrx_word' id='word_1_125' title='bbox 544 2034 737 2114; x_wconf 89' lang='lat' dir='ltr'><strong>interipsum</strong></span> <span class='ocrx_word' id='word_1_126' title='bbox 758 2032 961 2114; x_wconf 78' lang='lat' dir='ltr'><strong>Thaidemtpre</strong></span> <span class='ocrx_word' id='word_1_127' title='bbox 983 2013 1222 2102; x_wconf 65' lang='lat' dir='ltr'><strong>eladhremetem</strong></span> 
     </span>
    </p>
   </div>
   <div class='ocr_carea' id='block_1_5' title="bbox 19 2131 1221 2226">
    <p class='ocr_par' dir='ltr' id='par_1_5' title="bbox 19 2131 1221 2226">
     <span class='ocr_line' id='line_1_16' title="bbox 19 2131 1221 2226; baseline 0.001 -16"><span class='ocrx_word' id='word_1_128' title='bbox 19 2131 21 2140; x_wconf 58' lang='grc'>’</span> <span class='ocrx_word' id='word_1_129' title='bbox 130 2147 193 2222; x_wconf 80' lang='lat' dir='ltr'><strong>(lv.</strong></span> <span class='ocrx_word' id='word_1_130' title='bbox 207 2149 252 2224; x_wconf 87' lang='lat'><strong>1),</strong></span> <span class='ocrx_word' id='word_1_131' title='bbox 276 2145 356 2226; x_wconf 81' lang='lat' dir='ltr'><strong>quod</strong></span> <span class='ocrx_word' id='word_1_132' title='bbox 378 2144 506 2226; x_wconf 85' lang='lat' dir='ltr'><strong>iurgium</strong></span> <span class='ocrx_word' id='word_1_133' title='bbox 526 2149 621 2206; x_wconf 90' lang='lat' dir='ltr'><strong>totum</strong></span> <span class='ocrx_word' id='word_1_134' title='bbox 643 2142 772 2222; x_wconf 86' lang='lat' dir='ltr'><strong>pertinet</strong></span> <span class='ocrx_word' id='word_1_135' title='bbox 792 2141 830 2206; x_wconf 89' lang='lat' dir='ltr'><strong>ad</strong></span> <span class='ocrx_word' id='word_1_136' title='bbox 853 2144 1061 2204; x_wconf 88' lang='lat' dir='ltr'><strong>oeconomiam</strong></span> <span class='ocrx_word' id='word_1_137' title='bbox 1075 2144 1221 2210; x_wconf 84' lang='lat' dir='ltr'><strong>Eunuchi.</strong></span> 
     </span>
    </p>
   </div>
   <div class='ocr_carea' id='block_1_6' title="bbox 122 2249 1220 3306">
    <p class='ocr_par' dir='ltr' id='par_1_6' title="bbox 126 2249 1220 2875">
     <span class='ocr_line' id='line_1_17' title="bbox 129 2249 1220 2332; baseline 0 -14"><span class='ocrx_word' id='word_1_138' title='bbox 129 2255 196 2318; x_wconf 89' lang='lat' dir='ltr'><strong>lloo</strong></span> <span class='ocrx_word' id='word_1_139' title='bbox 217 2270 279 2316; x_wconf 89' lang='lat' dir='ltr'><strong>non</strong></span> <span class='ocrx_word' id='word_1_140' title='bbox 301 2259 403 2332; x_wconf 81' lang='lat' dir='ltr'><strong>potest</strong></span> <span class='ocrx_word' id='word_1_141' title='bbox 426 2253 512 2320; x_wconf 85' lang='lat' dir='ltr'><strong>aliter</strong></span> <span class='ocrx_word' id='word_1_142' title='bbox 540 2249 702 2328; x_wconf 85' lang='lat' dir='ltr'><strong>explicari,</strong></span> <span class='ocrx_word' id='word_1_143' title='bbox 729 2249 787 2312; x_wconf 90' lang='lat' dir='ltr'><strong>uisi</strong></span> <span class='ocrx_word' id='word_1_144' title='bbox 816 2249 876 2328; x_wconf 88' lang='lat' dir='ltr'><strong>ita,</strong></span> <span class='ocrx_word' id='word_1_145' title='bbox 907 2257 939 2311; x_wconf 94' lang='lat' dir='ltr'><strong>ut</strong></span> <span class='ocrx_word' id='word_1_146' title='bbox 967 2251 1220 2318; x_wconf 85' lang='lat' dir='ltr'><strong>consiliumillud</strong></span> 
     </span>
     <span class='ocr_line' id='line_1_18' title="bbox 129 2355 1220 2443; baseline 0.001 -19"><span class='ocrx_word' id='word_1_147' title='bbox 129 2363 254 2443; x_wconf 84' lang='lat' dir='ltr'><strong>parasiti</strong></span> <span class='ocrx_word' id='word_1_148' title='bbox 275 2360 314 2424; x_wconf 85' lang='lat' dir='ltr'><strong>de</strong></span> <span class='ocrx_word' id='word_1_149' title='bbox 332 2359 521 2428; x_wconf 71' lang='lat' dir='ltr'><strong>&#39;arcessenda</strong></span> <span class='ocrx_word' id='word_1_150' title='bbox 541 2355 690 2437; x_wconf 84' lang='lat' dir='ltr'><strong>Pamphila</strong></span> <span class='ocrx_word' id='word_1_151' title='bbox 712 2374 773 2421; x_wconf 92' lang='lat' dir='ltr'><strong>non</strong></span> <span class='ocrx_word' id='word_1_152' title='bbox 793 2356 831 2420; x_wconf 90' lang='lat' dir='ltr'><strong>de</strong></span> <span class='ocrx_word' id='word_1_153' title='bbox 856 2357 985 2434; x_wconf 86' lang='lat' dir='ltr'><strong>Colace,</strong></span> <span class='ocrx_word' id='word_1_154' title='bbox 1018 2359 1073 2422; x_wconf 90' lang='lat' dir='ltr'><strong>sed</strong></span> <span class='ocrx_word' id='word_1_155' title='bbox 1095 2361 1133 2432; x_wconf 82' lang='lat' dir='ltr'><strong>de</strong></span> <span class='ocrx_word' id='word_1_156' title='bbox 1154 2361 1220 2424; x_wconf 71' lang='lat' dir='ltr'><strong>Em</strong></span> 
     </span>
     <span class='ocr_line' id='line_1_19' title="bbox 130 2465 1220 2552; baseline 0.003 -19"><span class='ocrx_word' id='word_1_157' title='bbox 130 2471 231 2532; x_wconf 89' lang='lat' dir='ltr'><strong>nuoho</strong></span> <span class='ocrx_word' id='word_1_158' title='bbox 244 2468 400 2531; x_wconf 88' lang='lat' dir='ltr'><strong>Menandri</strong></span> <span class='ocrx_word' id='word_1_159' title='bbox 422 2465 645 2545; x_wconf 90' lang='lat' dir='ltr'><strong>transscriptum</strong></span> <span class='ocrx_word' id='word_1_160' title='bbox 663 2483 732 2528; x_wconf 89' lang='lat' dir='ltr'><strong>esse</strong></span> <span class='ocrx_word' id='word_1_161' title='bbox 754 2472 926 2530; x_wconf 88' lang='lat' dir='ltr'><strong>statuamus.</strong></span> <span class='ocrx_word' id='word_1_162' title='bbox 957 2467 1088 2541; x_wconf 81' lang='lat' dir='ltr'><strong>Quodsi</strong></span> <span class='ocrx_word' id='word_1_163' title='bbox 1106 2470 1220 2552; x_wconf 59' lang='lat' dir='ltr'><strong>proha-p</strong></span> 
     </span>
     <span class='ocr_line' id='line_1_20' title="bbox 126 2573 1217 2658; baseline 0.002 -18"><span class='ocrx_word' id='word_1_164' title='bbox 126 2579 218 2656; x_wconf 84' lang='lat' dir='ltr'><strong>veris,</strong></span> <span class='ocrx_word' id='word_1_165' title='bbox 241 2577 373 2658; x_wconf 85' lang='lat' dir='ltr'><strong>priorem</strong></span> <span class='ocrx_word' id='word_1_166' title='bbox 392 2590 505 2640; x_wconf 85' lang='lat' dir='ltr'><strong>scenae</strong></span> <span class='ocrx_word' id='word_1_167' title='bbox 528 2573 578 2635; x_wconf 93' lang='grc' dir='ltr'>ιιι.</span> <span class='ocrx_word' id='word_1_168' title='bbox 597 2575 612 2635; x_wconf 87' lang='grc'>1</span> <span class='ocrx_word' id='word_1_169' title='bbox 634 2579 747 2653; x_wconf 88' lang='lat' dir='ltr'><strong>partem</strong></span> <span class='ocrx_word' id='word_1_170' title='bbox 768 2591 862 2655; x_wconf 86' lang='lat' dir='ltr'><strong>osque</strong></span> <span class='ocrx_word' id='word_1_171' title='bbox 884 2573 923 2636; x_wconf 87' lang='lat' dir='ltr'><strong>ad</strong></span> <span class='ocrx_word' id='word_1_172' title='bbox 946 2574 1128 2641; x_wconf 74' lang='lat' dir='ltr'><strong>versumld</strong></span> <span class='ocrx_word' id='word_1_173' title='bbox 1153 2579 1217 2642; x_wconf 87' lang='lat' dir='ltr'><strong>Go-</strong></span> 
     </span>
     <span class='ocr_line' id='line_1_21' title="bbox 128 2682 1218 2767; baseline 0.004 -22"><span class='ocrx_word' id='word_1_174' title='bbox 128 2684 187 2748; x_wconf 88' lang='lat' dir='ltr'><strong>laoi</strong></span> <span class='ocrx_word' id='word_1_175' title='bbox 208 2685 401 2762; x_wconf 80' lang='lat' dir='ltr'><strong>vindicabis,</strong></span> <span class='ocrx_word' id='word_1_176' title='bbox 428 2682 574 2748; x_wconf 82' lang='lat' dir='ltr'><strong>Eunucho</strong></span> <span class='ocrx_word' id='word_1_177' title='bbox 594 2683 811 2762; x_wconf 85' lang='lat' dir='ltr'><strong>posteriorem,</strong></span> <span class='ocrx_word' id='word_1_178' title='bbox 841 2682 881 2746; x_wconf 89' lang='lat' dir='ltr'><strong>ad</strong></span> <span class='ocrx_word' id='word_1_179' title='bbox 905 2683 994 2746; x_wconf 85' lang='lat' dir='ltr'><strong>linem</strong></span> <span class='ocrx_word' id='word_1_180' title='bbox 1014 2701 1033 2746; x_wconf 90' lang='lat' dir='ltr'><strong>a</strong></span> <span class='ocrx_word' id='word_1_181' title='bbox 1054 2703 1145 2764; x_wconf 82' lang='lat' dir='ltr'><strong>uersu</strong></span> <span class='ocrx_word' id='word_1_182' title='bbox 1164 2682 1218 2767; x_wconf 74' lang='grc'><strong>44,</strong></span> 
     </span>
     <span class='ocr_line' id='line_1_22' title="bbox 128 2789 874 2875; baseline -0.001 -21"><span class='ocrx_word' id='word_1_183' title='bbox 128 2810 148 2854; x_wconf 91' lang='lat' dir='ltr'><strong>a</strong></span> <span class='ocrx_word' id='word_1_184' title='bbox 172 2809 230 2875; x_wconf 87' lang='lat' dir='ltr'><strong>quo</strong></span> <span class='ocrx_word' id='word_1_185' title='bbox 252 2793 405 2870; x_wconf 88' lang='lat' dir='ltr'><strong>aptissime</strong></span> <span class='ocrx_word' id='word_1_186' title='bbox 425 2808 535 2854; x_wconf 88' lang='lat' dir='ltr'><strong>novum</strong></span> <span class='ocrx_word' id='word_1_187' title='bbox 559 2789 738 2869; x_wconf 76' lang='lat' dir='ltr'><strong>colloquium</strong></span> <span class='ocrx_word' id='word_1_188' title='bbox 761 2791 874 2870; x_wconf 87' lang='lat' dir='ltr'><strong>incipit.</strong></span> 
     </span>
    </p>

    <p class='ocr_par' dir='ltr' id='par_1_7' title="bbox 122 2899 1214 3306">
     <span class='ocr_line' id='line_1_23' title="bbox 208 2899 1214 2984; baseline 0.005 -20"><span class='ocrx_word' id='word_1_189' title='bbox 208 2899 275 2964; x_wconf 82' lang='lat' dir='ltr'><strong>Alte</strong></span> <span class='ocrx_word' id='word_1_190' title='bbox 299 2899 454 2964; x_wconf 85' lang='lat' dir='ltr'><strong>difficultas</strong></span> <span class='ocrx_word' id='word_1_191' title='bbox 476 2900 574 2980; x_wconf 87' lang='lat' dir='ltr'><strong>posita</strong></span> <span class='ocrx_word' id='word_1_192' title='bbox 594 2905 640 2960; x_wconf 87' lang='lat' dir='ltr'><strong>est</strong></span> <span class='ocrx_word' id='word_1_193' title='bbox 660 2901 691 2962; x_wconf 91' lang='lat' dir='ltr'><strong>in</strong></span> <span class='ocrx_word' id='word_1_194' title='bbox 712 2915 805 2964; x_wconf 83' lang='lat' dir='ltr'><strong>scena</strong></span> <span class='ocrx_word' id='word_1_195' title='bbox 828 2899 875 2962; x_wconf 90' lang='lat' dir='ltr'><strong>tv.</strong></span> <span class='ocrx_word' id='word_1_196' title='bbox 887 2899 916 2962; x_wconf 86' lang='lat'><strong>7.</strong></span> <span class='ocrx_word' id='word_1_197' title='bbox 939 2900 1024 2978; x_wconf 80' lang='lat' dir='ltr'><strong>Quae</strong></span> <span class='ocrx_word' id='word_1_198' title='bbox 1038 2919 1125 2984; x_wconf 68' lang='lat' dir='ltr'><strong>mum</strong></span> <span class='ocrx_word' id='word_1_199' title='bbox 1138 2920 1214 2984; x_wconf 90' lang='lat' dir='ltr'><strong>pro-</strong></span> 
     </span>
     <span class='ocr_line' id='line_1_24' title="bbox 122 3006 1211 3090; baseline 0.002 -18"><span class='ocrx_word' id='word_1_200' title='bbox 122 3017 190 3090; x_wconf 88' lang='lat' dir='ltr'><strong>pter</strong></span> <span class='ocrx_word' id='word_1_201' title='bbox 210 3009 310 3074; x_wconf 88' lang='lat' dir='ltr'><strong>militis</strong></span> <span class='ocrx_word' id='word_1_202' title='bbox 334 3009 469 3072; x_wconf 82' lang='lat' dir='ltr'><strong>facinora</strong></span> <span class='ocrx_word' id='word_1_203' title='bbox 491 3007 533 3072; x_wconf 91' lang='lat' dir='ltr'><strong>ihi</strong></span> <span class='ocrx_word' id='word_1_204' title='bbox 556 3006 690 3072; x_wconf 87' lang='lat' dir='ltr'><strong>enhihita</strong></span> <span class='ocrx_word' id='word_1_205' title='bbox 723 3009 899 3070; x_wconf 69' lang='lat' dir='ltr'><strong>necemario</strong></span> <span class='ocrx_word' id='word_1_206' title='bbox 920 3010 1068 3088; x_wconf 88' lang='lat' dir='ltr'><strong>pertimeat</strong></span> <span class='ocrx_word' id='word_1_207' title='bbox 1088 3010 1128 3072; x_wconf 91' lang='lat' dir='ltr'><strong>ad</strong></span> <span class='ocrx_word' id='word_1_208' title='bbox 1147 3009 1211 3074; x_wconf 87' lang='lat' dir='ltr'><strong>Go-</strong></span> 
     </span>
     <span class='ocr_line' id='line_1_25' title="bbox 124 3101 1212 3194; baseline 0.002 -16"><span class='ocrx_word' id='word_1_209' title='bbox 124 3115 240 3194; x_wconf 78' lang='lat' dir='ltr'><strong>lerem,</strong></span> <span class='ocrx_word' id='word_1_210' title='bbox 259 3101 363 3184; x_wconf 81' lang='lat' dir='ltr'><strong>verba</strong></span> <span class='ocrx_word' id='word_1_211' title='bbox 377 3117 513 3182; x_wconf 88' lang='lat' dir='ltr'><strong>continet</strong></span> <span class='ocrx_word' id='word_1_212' title='bbox 531 3113 715 3191; x_wconf 84' lang='lat' dir='ltr'><strong>Chremetis,</strong></span> <span class='ocrx_word' id='word_1_213' title='bbox 744 3133 821 3194; x_wconf 79' lang='lat' dir='ltr'><strong>quac</strong></span> <span class='ocrx_word' id='word_1_214' title='bbox 842 3131 972 3194; x_wconf 87' lang='lat' dir='ltr'><strong>persona</strong></span> <span class='ocrx_word' id='word_1_215' title='bbox 1006 3115 1142 3182; x_wconf 82' lang='lat' dir='ltr'><strong>Eunuchi</strong></span> <span class='ocrx_word' id='word_1_216' title='bbox 1164 3124 1212 3182; x_wconf 87' lang='lat' dir='ltr'><strong>est</strong></span> 
     </span>
     <span class='ocr_line' id='line_1_26' title="bbox 124 3220 1212 3306; baseline 0.006 -21"><span class='ocrx_word' id='word_1_217' title='bbox 124 3225 253 3304; x_wconf 87' lang='lat' dir='ltr'><strong>propria.</strong></span> <span class='ocrx_word' id='word_1_218' title='bbox 296 3225 361 3286; x_wconf 90' lang='lat' dir='ltr'><strong>Hoo</strong></span> <span class='ocrx_word' id='word_1_219' title='bbox 383 3225 424 3286; x_wconf 90' lang='lat' dir='ltr'><strong>ita</strong></span> <span class='ocrx_word' id='word_1_220' title='bbox 448 3223 584 3300; x_wconf 90' lang='lat' dir='ltr'><strong>solvitur,</strong></span> <span class='ocrx_word' id='word_1_221' title='bbox 606 3228 638 3290; x_wconf 90' lang='lat' dir='ltr'><strong>ut</strong></span> <span class='ocrx_word' id='word_1_222' title='bbox 649 3220 792 3300; x_wconf 87' lang='lat' dir='ltr'><strong>dicamus,</strong></span> <span class='ocrx_word' id='word_1_223' title='bbox 815 3221 1003 3290; x_wconf 82' lang='lat' dir='ltr'><strong>Chremetem</strong></span> <span class='ocrx_word' id='word_1_224' title='bbox 1017 3227 1137 3306; x_wconf 82' lang='lat' dir='ltr'><strong>quidem</strong></span> <span class='ocrx_word' id='word_1_225' title='bbox 1150 3244 1212 3291; x_wconf 88' lang='lat' dir='ltr'><strong>no-</strong></span> 
     </span>
    </p>
   </div>
   <div class='ocr_carea' id='block_1_7' title="bbox 129 3363 438 3378">
    <p class='ocr_par' dir='ltr' id='par_1_8' title="bbox 129 3363 438 3378">
     <span class='ocr_line' id='line_1_27' title="bbox 129 3363 438 3378; baseline 0.006 -2"><span class='ocrx_word' id='word_1_226' title='bbox 129 3363 438 3378; x_wconf 53' lang='lat' dir='ltr'><strong>mnu-..—</strong></span> 
     </span>
    </p>
   </div>
   <div class='ocr_carea' id='block_1_8' title="bbox 112 3447 1212 4264">
    <p class='ocr_par' dir='ltr' id='par_1_9' title="bbox 120 3447 1211 3977">
     <span class='ocr_line' id='line_1_28' title="bbox 175 3447 1210 3521; baseline 0.004 -19"><span class='ocrx_word' id='word_1_227' title='bbox 175 3451 219 3514; x_wconf 71' lang='lat'><strong>15)</strong></span> <span class='ocrx_word' id='word_1_228' title='bbox 239 3449 403 3502; x_wconf 80' lang='lat' dir='ltr'><strong>sustentatur</strong></span> <span class='ocrx_word' id='word_1_229' title='bbox 426 3447 492 3502; x_wconf 85' lang='lat' dir='ltr'><strong>hacc</strong></span> <span class='ocrx_word' id='word_1_230' title='bbox 509 3449 658 3514; x_wconf 82' lang='lat' dir='ltr'><strong>sententia,</strong></span> <span class='ocrx_word' id='word_1_231' title='bbox 678 3449 701 3504; x_wconf 89' lang='lat' dir='ltr'><strong>sl</strong></span> <span class='ocrx_word' id='word_1_232' title='bbox 721 3457 792 3504; x_wconf 79' lang='lat' dir='ltr'><strong>recte</strong></span> <span class='ocrx_word' id='word_1_233' title='bbox 810 3450 1022 3517; x_wconf 77' lang='lat' dir='ltr'><strong>Wptteuhnchius</strong></span> <span class='ocrx_word' id='word_1_234' title='bbox 1039 3452 1210 3521; x_wconf 80' lang='lat' dir='ltr'><strong>fragmentum</strong></span> 
     </span>
     <span class='ocr_line' id='line_1_29' title="bbox 124 3541 1211 3620; baseline 0.007 -26"><span class='ocrx_word' id='word_1_235' title='bbox 124 3543 226 3596; x_wconf 85' lang='lat' dir='ltr'><strong>Colacis</strong></span> <span class='ocrx_word' id='word_1_236' title='bbox 246 3543 477 3616; x_wconf 80' lang='lat' dir='ltr'><strong>(apudPlutarch.</strong></span> <span class='ocrx_word' id='word_1_237' title='bbox 497 3542 529 3595; x_wconf 90' lang='lat' dir='ltr'><strong>de</strong></span> <span class='ocrx_word' id='word_1_238' title='bbox 547 3543 651 3596; x_wconf 87' lang='lat' dir='ltr'><strong>Adulat.</strong></span> <span class='ocrx_word' id='word_1_239' title='bbox 669 3553 696 3597; x_wconf 88' lang='lat' dir='ltr'><strong>et</strong></span> <span class='ocrx_word' id='word_1_240' title='bbox 713 3544 771 3600; x_wconf 84' lang='lat' dir='ltr'><strong>Am.</strong></span> <span class='ocrx_word' id='word_1_241' title='bbox 793 3562 817 3612; x_wconf 85' lang='lat' dir='ltr'><strong>p·</strong></span> <span class='ocrx_word' id='word_1_242' title='bbox 837 3547 879 3604; x_wconf 81' lang='lat'><strong>57.</strong></span> <span class='ocrx_word' id='word_1_243' title='bbox 901 3551 926 3619; x_wconf 84' lang='lat' dir='ltr'><strong>n)</strong></span> <span class='ocrx_word' id='word_1_244' title='bbox 947 3551 1046 3620; x_wconf 72' lang='grc' dir='ltr'>γέλωτι</span> <span class='ocrx_word' id='word_1_245' title='bbox 1066 3544 1136 3620; x_wconf 81' lang='grc' dir='ltr'><strong><em>πρὸς</em></strong></span> <span class='ocrx_word' id='word_1_246' title='bbox 1160 3541 1211 3604; x_wconf 80' lang='grc' dir='ltr'><strong>τὸν</strong></span> 
     </span>
     <span class='ocr_line' id='line_1_30' title="bbox 122 3633 1210 3718; baseline 0.002 -26"><span class='ocrx_word' id='word_1_247' title='bbox 122 3633 260 3706; x_wconf 72' lang='lat' dir='ltr'><strong>Kv&#39;npmv</strong></span> <span class='ocrx_word' id='word_1_248' title='bbox 278 3639 489 3710; x_wconf 74' lang='grc' dir='ltr'>ικθανοὺμενος</span> <span class='ocrx_word' id='word_1_249' title='bbox 508 3640 666 3706; x_wconf 89' lang='lat' dir='ltr'><strong>comparavit</strong></span> <span class='ocrx_word' id='word_1_250' title='bbox 683 3656 740 3694; x_wconf 89' lang='lat' dir='ltr'><strong>cum</strong></span> <span class='ocrx_word' id='word_1_251' title='bbox 751 3643 855 3710; x_wconf 85' lang='lat' dir='ltr'><strong>parasiti</strong></span> <span class='ocrx_word' id='word_1_252' title='bbox 867 3642 954 3695; x_wconf 86' lang='lat' dir='ltr'><strong>verbis</strong></span> <span class='ocrx_word' id='word_1_253' title='bbox 975 3643 1105 3716; x_wconf 82' lang='lat' dir='ltr'><strong>(Eumlll.</strong></span> <span class='ocrx_word' id='word_1_254' title='bbox 1118 3643 1210 3718; x_wconf 55' lang='grc' dir='ltr'>λιιι),</span> 
     </span>
     <span class='ocr_line' id='line_1_31' title="bbox 122 3731 1209 3806; baseline 0.006 -23"><span class='ocrx_word' id='word_1_255' title='bbox 122 3731 215 3802; x_wconf 91' lang='lat' dir='ltr'><strong>qulbus</strong></span> <span class='ocrx_word' id='word_1_256' title='bbox 235 3734 302 3785; x_wconf 87' lang='lat' dir='ltr'><strong>risus</strong></span> <span class='ocrx_word' id='word_1_257' title='bbox 321 3751 423 3786; x_wconf 87' lang='lat' dir='ltr'><strong>causam</strong></span> <span class='ocrx_word' id='word_1_258' title='bbox 442 3736 578 3804; x_wconf 87' lang='lat' dir='ltr'><strong>quaerenti</strong></span> <span class='ocrx_word' id='word_1_259' title='bbox 599 3735 721 3787; x_wconf 82' lang='lat' dir='ltr'><strong>Thrasoni</strong></span> <span class='ocrx_word' id='word_1_260' title='bbox 731 3737 887 3804; x_wconf 86' lang='lat' dir='ltr'><strong>respondet:</strong></span> <span class='ocrx_word' id='word_1_261' title='bbox 907 3738 1209 3806; x_wconf 74' lang='lat' dir='ltr'><strong>lstadqaoddintimodo</strong></span> 
     </span>
     <span class='ocr_line' id='line_1_32' title="bbox 121 3826 1209 3902; baseline 0.007 -24"><span class='ocrx_word' id='word_1_262' title='bbox 121 3837 146 3880; x_wconf 88' lang='lat' dir='ltr'><strong>et</strong></span> <span class='ocrx_word' id='word_1_263' title='bbox 163 3826 228 3878; x_wconf 79' lang='lat' dir='ltr'><strong>illuct</strong></span> <span class='ocrx_word' id='word_1_264' title='bbox 245 3827 276 3878; x_wconf 83' lang='lat' dir='ltr'><strong>de</strong></span> <span class='ocrx_word' id='word_1_265' title='bbox 293 3827 394 3880; x_wconf 78' lang='lat' dir='ltr'><strong>Rhodio</strong></span> <span class='ocrx_word' id='word_1_266' title='bbox 414 3830 508 3882; x_wconf 82' lang='lat' dir='ltr'><strong>dictum</strong></span> <span class='ocrx_word' id='word_1_267' title='bbox 525 3847 601 3898; x_wconf 84' lang='lat' dir='ltr'><strong>qaum</strong></span> <span class='ocrx_word' id='word_1_268' title='bbox 618 3833 646 3882; x_wconf 80' lang='lat' dir='ltr'><strong>la</strong></span> <span class='ocrx_word' id='word_1_269' title='bbox 662 3841 770 3884; x_wconf 82' lang='lat' dir='ltr'><strong>mantem</strong></span> <span class='ocrx_word' id='word_1_270' title='bbox 789 3833 876 3897; x_wconf 77' lang='lat' dir='ltr'><strong>canit,</strong></span> <span class='ocrx_word' id='word_1_271' title='bbox 902 3840 931 3883; x_wconf 91' lang='grc' dir='ltr'><strong>ιιι</strong></span> <span class='ocrx_word' id='word_1_272' title='bbox 954 3833 1086 3884; x_wconf 85' lang='lat' dir='ltr'><strong>lllenandri</strong></span> <span class='ocrx_word' id='word_1_273' title='bbox 1111 3831 1209 3902; x_wconf 79' lang='lat' dir='ltr'><strong>Cyprio</strong></span> 
     </span>
     <span class='ocr_line' id='line_1_33' title="bbox 120 3921 611 3977; baseline 0.006 -3"><span class='ocrx_word' id='word_1_274' title='bbox 120 3923 254 3974; x_wconf 82' lang='lat' dir='ltr'><strong>Terentius</strong></span> <span class='ocrx_word' id='word_1_275' title='bbox 275 3921 405 3974; x_wconf 84' lang='lat' dir='ltr'><strong>Rhodium</strong></span> <span class='ocrx_word' id='word_1_276' title='bbox 425 3925 611 3977; x_wconf 83' lang='lat' dir='ltr'><strong>substituerit.¹</strong></span> 
     </span>
    </p>

    <p class='ocr_par' dir='ltr' id='par_1_10' title="bbox 112 4019 1212 4264">
     <span class='ocr_line' id='line_1_34' title="bbox 175 4019 1211 4092; baseline 0.007 -22"><span class='ocrx_word' id='word_1_277' title='bbox 175 4019 219 4092; x_wconf 80' lang='lat'><strong>16)</strong></span> <span class='ocrx_word' id='word_1_278' title='bbox 238 4019 330 4070; x_wconf 88' lang='lat' dir='ltr'><strong>Paucis</strong></span> <span class='ocrx_word' id='word_1_279' title='bbox 349 4020 452 4070; x_wconf 88' lang='lat' dir='ltr'><strong>mutatis</strong></span> <span class='ocrx_word' id='word_1_280' title='bbox 470 4036 561 4073; x_wconf 88' lang='lat' dir='ltr'><strong>versus</strong></span> <span class='ocrx_word' id='word_1_281' title='bbox 583 4023 597 4079; x_wconf 82' lang='grc'>7</span> <span class='ocrx_word' id='word_1_282' title='bbox 617 4021 649 4071; x_wconf 89' lang='lat' dir='ltr'><strong>ad</strong></span> <span class='ocrx_word' id='word_1_283' title='bbox 669 4021 704 4072; x_wconf 80' lang='lat' dir='ltr'><strong>ha</strong></span> <span class='ocrx_word' id='word_1_284' title='bbox 722 4020 839 4075; x_wconf 84' lang='lat' dir='ltr'><strong>distribui</strong></span> <span class='ocrx_word' id='word_1_285' title='bbox 867 4029 976 4088; x_wconf 78' lang='lat' dir='ltr'><strong>possunt</strong></span> <span class='ocrx_word' id='word_1_286' title='bbox 1001 4023 1068 4074; x_wconf 85' lang='lat' dir='ltr'><strong>inter</strong></span> <span class='ocrx_word' id='word_1_287' title='bbox 1095 4039 1211 4089; x_wconf 85' lang='lat' dir='ltr'><strong>servum,</strong></span> 
     </span>
     <span class='ocr_line' id='line_1_35' title="bbox 125 4115 1212 4183; baseline 0.007 -19"><span class='ocrx_word' id='word_1_288' title='bbox 125 4117 287 4167; x_wconf 86' lang='lat' dir='ltr'><strong>meretricem</strong></span> <span class='ocrx_word' id='word_1_289' title='bbox 307 4123 333 4167; x_wconf 88' lang='lat' dir='ltr'><strong>ct</strong></span> <span class='ocrx_word' id='word_1_290' title='bbox 350 4115 506 4182; x_wconf 85' lang='lat' dir='ltr'><strong>parasitum3</strong></span> <span class='ocrx_word' id='word_1_291' title='bbox 524 4131 619 4183; x_wconf 84' lang='lat' dir='ltr'><strong>nempe</strong></span> <span class='ocrx_word' id='word_1_292' title='bbox 636 4117 790 4170; x_wconf 85' lang='lat' dir='ltr'><strong>eiicieodum</strong></span> <span class='ocrx_word' id='word_1_293' title='bbox 809 4125 849 4170; x_wconf 82' lang='lat' dir='ltr'><strong>est</strong></span> <span class='ocrx_word' id='word_1_294' title='bbox 867 4119 911 4172; x_wconf 74' lang='lat' dir='ltr'><strong>nia</strong></span> <span class='ocrx_word' id='word_1_295' title='bbox 929 4133 945 4170; x_wconf 90' lang='lat' dir='ltr'><strong>o</strong></span> <span class='ocrx_word' id='word_1_296' title='bbox 963 4115 1042 4174; x_wconf 77' lang='lat' dir='ltr'><strong>versu</strong></span> <span class='ocrx_word' id='word_1_297' title='bbox 1062 4117 1095 4172; x_wconf 82' lang='lat'><strong>19</strong></span> <span class='ocrx_word' id='word_1_298' title='bbox 1112 4125 1139 4175; x_wconf 78' lang='lat' dir='ltr'><strong>cl</strong></span> <span class='ocrx_word' id='word_1_299' title='bbox 1150 4119 1212 4174; x_wconf 73' lang='lat' dir='ltr'><strong>huic</strong></span> 
     </span>
     <span class='ocr_line' id='line_1_36' title="bbox 112 4213 288 4264; baseline 0.034 -6"><span class='ocrx_word' id='word_1_300' title='bbox 112 4224 129 4258; x_wconf 90' lang='lat' dir='ltr'><strong>e</strong></span> <span class='ocrx_word' id='word_1_301' title='bbox 148 4224 225 4262; x_wconf 86' lang='lat' dir='ltr'><strong>versu</strong></span> <span class='ocrx_word' id='word_1_302' title='bbox 245 4213 288 4264; x_wconf 82' lang='lat'><strong>37.</strong></span> 
     </span>
    </p>
   </div>
   <div class='ocr_carea' id='block_1_9' title="bbox 0 0 1462 4834">
    <p class='ocr_par' dir='ltr' id='par_1_11' title="bbox 0 0 1462 4834">
     <span class='ocr_line' id='line_1_37' title="bbox 0 0 1462 4834; baseline 0 7"><span class='ocrx_word' id='word_1_303' title='bbox 0 0 1462 4834; x_wconf 95' lang='lat' dir='ltr'><strong> </strong></span> 
     </span>
    </p>
   </div>
  </div>
 </body>
</html>
