2916 4834
643 389 887 461 „26-

309 556 619 657 Spnopolhnesoordes
643 575 758 656 Diphili
780 579 934 641 comoedia
952 575 1014 654 esl,

306 684 385 746 Eam
403 684 634 746 Conenorienles
653 683 779 748 Planius
798 687 872 768 [coil
888 687 1034 768 sobolom.

263 839 265 844 .
306 790 343 852 In
365 791 485 854 Graeco
506 793 683 856 adulescens
704 801 759 870 esl,
781 795 833 874 qni
851 794 951 858 lenoni
973 794 1065 873 eripit

307 897 496 961 Meretricem
515 899 547 961 in
566 902 668 980 primo
686 902 813 983 [oholo3
836 921 904 965 earm
924 901 1167 965 Plonloslomsm

306 1005 438 1086 delique
455 1008 618 1089 inleprnm,·
638 1027 705 1074 anm
725 1010 774 1073 hic
796 1012 894 1074 locam
911 1010 1040 1089 sumpsit
1052 1009 1112 1071 sihi

307 1113 345 1176 In
363 1113 533 1194 Adelphos,
556 1117 681 1179 veronna
702 1119 739 1180 de
759 1117 852 1180 cabo
873 1135 1052 1198 oppressum
1069 1115 1185 1178 eolnlil.

223 1219 271 1282 Ac
293 1223 455 1286 Grauerlus
485 1224 602 1306 quidam
625 1233 658 1288 el
677 1227 710 1289 G.
733 1227 763 1288 F.
787 1227 973 1290 Hermaunus
1001 1227 1097 1305 (Disp.
1121 1224 1159 1285 de
1181 1222 1308 1302 Adelph.

132 1337 135 1346 '
223 1330 254 1391 in
275 1329 377 1392 lndice
398 1331 478 1395 leoli.
503 1333 598 1396 Acad.
619 1335 713 1398 Marb.
740 1337 835 1414 1838)
851 1336 899 1399 ‘ab
919 1335 978 1398 hoc
1002 1341 1143 1414 tanquam
1173 1337 1259 1392 cerlo
1279 1327 1310 1392 el

222 1436 307 1498 hrrnu
342 1437 536 1503 fundamenlo
567 1419 812 1523 proficiscuntur,
845 1443 1006 1509 Sannionis
1038 1457 1198 1522 persenam
1230 1434 1310 1516 apud

221 1545 416 1608 Menandrum
436 1566 498 1612 non
518 1554 744 1632 comparuisse,
766 1571 783 1614 e
805 1571 865 1634 quo
887 1551 1064 1616 necessario
1097 1551 1308 1627 consequntur,
1332 1585 1336 1594 ·

219 1667 276 1712 eas
297 1669 407 1714 scenas
429 1653 481 1728 (ll.
507 1657 521 1715 1
545 1661 575 1717 el
596 1657 631 1718 M.
645 1659 690 1736 2),
715 1659 746 1720 in
767 1658 873 1737 quibus
893 1659 985 1720 verba
1008 1660 1067 1720 sini
1087 1656 1216 1732 lenonis,
1238 1669 1309 1716 esse

223 1758 380 1840 eDiphilo
403 1762 519 1839 peliles.
574 1761 639 1828 Hoc
665 1764 743 1828 adeo
773 1766 811 1827 de
839 1783 932 1828 scena
951 1765 986 1827 M.
1010 1767 1047 1843 4,
1077 1765 1108 1826 in
1132 1781 1190 1843 qua
1211 1776 1308 1842 pauca
1333 1853 1335 1858 Α

222 1869 333 1928 lanium
354 1867 528 1950 interposita
554 1879 625 1936 sunt
650 1873 769 1937 lenonis
791 1874 907 1952 verba,
938 1874 1040 1936 valere
1070 1871 1243 1953 Lessingius
1266 1868 1308 1930 ila

221 1974 280 2036 sihi
300 1985 501 2056 persuaserat,
520 1986 552 2042 ul
573 1982 605 2042 in
624 1983 733 2044 Dan-ali
744 1981 939 2046 adnotatione
953 1982 992 2046 ad
1008 1983 1074 2044 eius
1090 1996 1204 2044 scenae
1219 1993 1249 2038 s.
1261 1973 1310 2051 10,

224 2101 282 2164 qua
303 2085 460 2149 Terentius
483 2105 502 2150 a
522 2088 688 2152 Menandro
711 2095 878 2154 recessisse
899 2099 1056 2170 narratur,
1076 2105 1131 2170 pro
1152 2084 1309 2151 Menandri
1369 2161 1378 2176 .

220 2196 425 2273 reponendum
448 2213 518 2258 esse
541 2195 650 2278 Diphili
671 2196 782 2262 nornen
801 2206 951 2262 censerat.
988 2199 1053 2273 Ouo
1069 2200 1238 2260 commento
1255 2209 1307 2253 re.

219 2302 340 2383 pudiato
362 2303 525 2367 Grauerlus
547 2305 643 2386 vidit,
673 2321 782 2368 scenas
803 2303 837 2368 ll.
860 2308 880 2368 3
902 2311 934 2394 el
952 2303 988 2367 11.
1008 2306 1030 2368 4
1051 2313 1111 2369 lam
1134 2310 1217 2367 ercle
1241 2318 1308 2364 cum

218 2410 421 2496 Adelphorum
442 2407 618 2495 argumento
640 2415 816 2477 coniunctas
842 2433 930 2495 esse,
958 2422 991 2476 ul
1011 2431 1063 2476 eas
1083 2432 1102 2475 e
1124 2413 1307 2495 cognomine

218 2519 372 2582 Menandri
401 2519 502 2584 fabula
534 2523 640 2602 pelilas
668 2539 737 2583 esse
767 2527 913 2602 oporteat„
967 2522 1069 2600 ltaque
1090 2521 1207 2598 priores
1231 2517 1306 2578 duas
1357 2531 1359 2536 ·
1419 2549 1450 2614 'r

222 2634 306 2689 aelus
328 2628 455 2690 secundi
481 2645 589 2691 scenas
611 2629 746 2710 Diphilo,
769 2628 900 2708 reliquas
920 2628 994 2690 duas
1015 2625 1181 2689 Menandro
1200 2621 1304 2684 vindi·
1330 2691 1331 2696 ἵ

222 2740 322 2814 cavit,
345 2740 385 2799 ila
406 2744 504 2800 lamen
526 2745 559 2800 ut
579 2739 735 2800 interiecta
756 2738 787 2800 in
807 2755 900 2802 scena
921 2735 956 2800 11.
977 2735 1007 2798 4.
1030 2734 1149 2796 lenonis
1170 2733 1304 2795 verbaa

220 2843 360 2908 Terentio
384 2847 485 2908 addila
508 2864 577 2909 esse
598 2853 750 2910 slaluerel.
793 2846 969 2926 Replionem
991 2843 1151 2924 psaltriae,
1173 2857 1250 2922 quae
1273 2839 1304 2901 in

220 2953 308 3016 lalina
332 2954 490 3017 comoedia
514 2959 640 3035 waler,
664 2954 694 3017 in
714 2953 897 3016 Menandrea
920 2950 1123 3014 tantummodo
1146 2953 1306 3046 porratam

219 3078 288 3123 esse
306 3060 529 3140 demonstravit,
550 3061 709 3141 reprobala
720 3059 861 3122 Meinekii
874 3060 1033 3135 senlenlia,
1054 3058 1104 3138 qui
1117 3057 1206 3118 eliam
1225 3054 1304 3137 apud

218 3167 412 3233 Menandrum
434 3167 550 3250 puellae
564 3172 739 3251 raplionam
760 3170 792 3230 in
813 3187 905 3232 scena
930 3168 1090 3230 exhibilam
1112 3164 1206 3227 luisse
1228 3180 1306 3250 cen-

217 3279 313 3357 sebal,
334 3279 474 3342 maluisse
484 3287 582 3340 aulem
601 3280 770 3342 Terentium
787 3295 826 3342 ex
843 3273 960 3359 Diphilo
975 3275 1056 3339 ‘hane
1068 3285 1190 3338 menam
1203 3281 1306 3335 lrans-
1363 3281 1370 3298 '

216 3401 331 3465 ponere
360 3404 399 3446 ne
427 3388 481 3448 nni
506 3388 607 3450 omnic
635 3385 802 3450 Menandro
832 3386 940 3448 delere
970 3383 1149 3448 oiderclnrl
1206 3380 1238 3440 ln
1267 3393 1306 3438 eo

220 3494 311 3575 igilur
332 3496 554 3560 assentiendum
577 3499 741 3574 Grauerlo,
762 3496 841 3577 quod
863 3513 973 3559 scenas
995 3495 1030 3557 M.
1052 3495 1072 3554 3
1094 3501 1126 3554 el
1143 3489 1178 3552 11.
1200 3489 1222 3549 4
1241 3487 1305 3550 Me.

218 3602 525 3682 nandrovindicavil3
549 3605 823 3685 sedquodlenonis
839 3612 939 3685 parles
958 3602 1079 3665 omnino
1097 3601 1128 3660 in
1147 3595 1305 3660 Menandri

219 3707 364 3788 Adelphis
385 3708 480 3772 luisse
501 3718 610 3793 aegei,
630 3713 753 3788 nescio,
774 3727 832 3790 quo
854 3711 884 3773 id
906 3711 989 3772 nisus
1012 3709 1093 3771 dicul
1116 3713 1305 3790 argumento.

218 3817 293 3880 Maru
312 3817 443 3904 Terenlii
463 3815 565 3882 verbis
584 3817 673 3899 (prol
697 3818 816 3899 osqq.)
846 3819 919 3888 nihil
941 3818 1021 3881 aliud
1048 3817 1218 3880 declaratur
1246 3813 1305 3874 nisi

219 3943 286 3986 eum
312 3926 427 4007 locum,
460 3929 490 3991 in
511 3943 570 4009 quo
590 3927 692 3991 lenoni
714 3931 902 4008 meretricem
926 3927 1034 4007 eripiat
1053 3926 1304 4000 adnleseens‚e

219 4033 338 4113 Diphilo
360 4053 428 4098 esse
448 4039 587 4116 pellium,
609 4054 669 4098 non
691 4055 744 4100 aas
766 4039 836 4098 ilem
858 4053 982 4113 scenas,
1003 4036 1033 4098 in
1055 4035 1161 4116 quibus
1183 4028 1306 4112 psaltria

220 4144 381 4217 consillulo
401 4146 499 4225 prelio
520 4121 692 4208 redimatur.
745 4144 831 4219 Quod
862 4151 959 4208 aulem
1000 4145 1162 4208 Grauerlus
1191 4135 1307 4215 (Anuli.

222 4269 250 4332 p.
269 4246 343 4326 134)
365 4252 439 4315 dicit
459 4270 581 4318 scenam
604 4252 638 4316 ll
659 4256 690 4333 9,
711 4254 741 4315 in
764 4271 821 4334 qua
844 4254 935 4335 Syrus
958 4252 1140 4318 Sannionem
1164 4247 1202 4312 ad
1224 4247 1311 4312 acci-

1443 3693 1446 3992 l
