2916 4834
537 323 1002 444 ’ψ-34ι--Ι

235 564 428 642 intromissis,
449 581 527 643 poce
549 561 633 642 apad
655 561 824 624 Terentiam
843 581 877 626 se
901 583 967 626 com
987 563 1117 628 Micioae
1136 566 1233 644 spisse
1258 562 1327 639 (lll.
1438 593 1439 596 π

234 675 264 740 3.
289 675 343 752 10)
363 672 474 752 paucis
494 678 608 733 toaclam
628 677 759 747 narrat,
788 670 851 732 illio
870 671 1012 750 placidas
1033 678 1103 734 onte
1122 677 1328 752 spectatorem
1438 693 1439 750 p

204 833 207 838 .
232 782 337 846 ocalos
358 779 459 859 aperit,
481 779 575 840 donec
596 778 995 842 Domea'adoenieatodaos
1014 779 1131 858 fratres
1151 780 1233 842 solos
1256 779 1328 839 iar-

231 888 289 968 piia
309 887 374 950 sais
398 887 589 966 relinpacret.
633 885 675 948 El
695 886 856 948 Micionem
878 885 1013 964 paidom,
1035 887 1107 948 dicit
1128 887 1328 963 llermannns,

231 1001 324 1058 totam
345 995 428 1058 illam
449 995 505 1078 pta·
527 993 680 1056 tractandi
701 994 850 1056 rationem
869 1000 898 1056 et
926 993 1114 1068 institutam,
1146 995 1228 1072 qaod
1246 992 1331 1070 apad

235 1103 406 1168 Terentiam
436 1103 519 1166 solor
550 1119 653 1166 sacam
677 1103 847 1182 eloquitur,
881 1102 970 1164 etiam
992 1099 1077 1180 Spro·
1091 1118 1246 1180 seponere
1263 1118 1328 1180 po-

233 1210 338 1291 mese,
357 1229 419 1274 aaa
439 1217 504 1290 ost,
524 1211 606 1291 qaod
625 1211 726 1274 maltis
747 1210 929 1284 doceamus,
951 1227 1049 1288 nepae
1068 1209 1138 1289 ipro
1159 1210 1231 1288 illo,
1250 1227 1331 1288 qaae

232 1322 266 1382 in
282 1321 385 1400 primo
401 1319 510 1400 solato
529 1337 632 1382 aemam
657 1320 725 1399 ipae
742 1325 857 1382 raama
878 1319 959 1399 lopai
974 1323 1077 1398 potest
1085 1361 1096 1392 ,
1118 1334 1139 1379 a
1159 1316 1329 1380 Menandro

239 1428 351 1496 aliam
368 1428 521 1503 laamas,
553 1429 640 1490 modo
665 1446 704 1513 ap
730 1427 831 1490 atatim
859 1433 1051 1506 conspectam
1082 1425 1128 1507 ol¹
1151 1443 1187 1487 ao
1216 1423 1328 1505 Syram

236 1541 415 1598 clamamus.
458 1536 544 1598 Hane
565 1553 724 1616 errorum,
745 1542 778 1598 ul
798 1537 840 1597 ita
861 1535 959 1598 dicam
981 1533 1071 1596 telam
1089 1533 1163 1596 satis
1187 1533 1327 1597 subtilem

234 1659 299 1706 non
320 1643 504 1706 itaadiffieile
529 1650 576 1704 est
600 1623 777 1705 dissolvere.
807 1643 881 1704 Nam
903 1643 1039 1720 primum,
1061 1643 1141 1720 quod
1159 1641 1234 1703 dixit
1249 1641 1330 1704 llar-

234 1765 379 1828 mannus,
408 1757 569 1831 propterea
598 1767 661 1812 non
684 1749 825 1812 sulficere
848 1750 981 1810 Demeae
1003 1748 1209 1810 narrationem
1232 1746 1269 1821 (l.
1292 1749 1329 1816 2)

235 1857 376 1938 qnoniam
399 1857 477 1938 apnd
498 1857 694 1921 Menandrum
717 1875 777 1920 non
800 1857 903 1920 similis
925 1864 1011 1918 actus
1033 1853 1184 1920 secundus
1206 1858 1327 1914 secutus

237 1966 286 2043 sil,
309 1965 340 2027 id
355 1981 393 2027 eo
407 1968 528 2044 corruit,
551 1965 632 2044 quod
643 1983 732 2046 snpra
745 1967 960 2042 demonstravi,
982 1967 1103 2026 nonnisi
1117 1965 1248 2043 priorem
1259 1978 1333 2042 par-

236 2078 296 2134 tem
317 2073 430 2151 primae
449 2089 561 2134 scenae
584 2078 669 2134 actus
690 2073 816 2134 secundi
839 2091 903 2133 nan
927 2089 996 2132 esse
1020 2071 1225 2132 eMenandro
1245 2087 1331 2132 sum-

235 2186 326 2260 ptam.
364 2179 436 2242 Tum
459 2197 512 2242 cnr
534 2185 705 2260 corruptum
726 2178 806 2242 illum
827 2177 983 2240 Menandri
1004 2193 1125 2240 versum
1148 2174 1330 2255 ad11.1‚45

234 2288 394 2350 aDonato
417 2289 548 2366 citatum,
572 2304 631 2367 quo
654 2287 814 2368 vapulasse
834 2287 904 2348 leno
927 2293 1085 2364 narratur,
1109 2287 1135 2347 si
1157 2285 1272 2363 noluit,
1295 2289 1328 2345 nt

233 2403 391 2477 parerat,
413 2396 452 2458 ad
473 2398 538 2476 ipsa
560 2395 678 2458 lenonis
699 2397 793 2459 verba
816 2395 954 2474 referre,
977 2395 1015 2457 ad
1035 2395 1195 2476 prologum
1215 2395 1326 2473 potins,

235 2522 324 2584 quam
338 2504 376 2566 ad
391 2505 524 2566 Demeae
539 2504 743 2565 narrationem
757 2504 901 2580 retulerit,
913 2521 1002 2564 nemo
1014 2505 1184 2581 perspicieta
1209 2499 1328 2561 Deinde

236 2619 346 2692 aulem,
369 2612 434 2692 quis
457 2611 573 2690 credat,
591 2611 751 2674 Micionem
769 2629 834 2672 cum
853 2625 946 2670 sarco
961 2608 1111 2670 educandi
1127 2607 1176 2668 lilii
1193 2607 1327 2669 rationes

239 2724 492 2800 communicasse,
517 2731 601 2800 (nam
625 2718 705 2799 qnod
727 2719 757 2780 in
769 2717 892 2788 Andria
913 2719 994 2783 Simo
1016 2735 1110 2780 senex
1134 2735 1200 2780 cum
1223 2717 1329 2779 liberto

235 2839 295 2894 tarn
319 2831 504 2892 familiariter
525 2829 664 2910 loquitur,
685 2828 744 2890 alia
768 2845 818 2890 res
838 2833 921 2910 est);
945 2833 996 2889 aut
1016 2828 1082 2908 quis
1099 2833 1199 2908 potest
1218 2827 1250 2889 in
1267 2826 1327 2888 Mi-

166 3013 168 3016 ·
236 2942 334 3003 cionis
357 2941 496 3001 oratione
519 2939 555 3014 (l.
585 2942 617 3015 1)
646 2938 734 3000 talem
763 2939 863 3001 locum
890 2937 1046 3015 invenire,
1081 2936 1132 2999 ubi
1163 2940 1326 3014 conspecto

235 3052 313 3130 Syro
328 3047 538 3110 diverbiumin
553 3064 665 3127 graeca
683 3045 782 3108 labala
804 3046 956 3127 incepisse
970 3045 1119 3124 videatur,
1141 3063 1230 3126 qnam
1250 3058 1328 3124 quae

236 3159 326 3222 Micio
357 3156 445 3233 dicit,
465 3156 565 3248 omnia
588 3155 628 3216 ita
653 3157 813 3218 coniuncta
838 3149 920 3235 sint,
943 3161 974 3217 et
994 3147 1055 3216 tam
1072 3153 1193 3234 placide
1216 3152 1329 3214 decar-

234 3271 313 3339 rant,
334 3272 366 3327 ut
389 3262 605 3344 interpellatum
627 3280 695 3326 eum
722 3280 791 3326 esse
813 3264 934 3325 minime
957 3264 997 3326 sit
1018 3260 1227 3342 eredendum?
1279 3259 1327 3322 Si-

161 3439 163 3444 ,
235 3375 345 3436 militer
376 3373 548 3452 comparata
573 3379 641 3434 sunt
663 3389 722 3451 ea,
751 3389 827 3452 quae
849 3362 1037 3433 Hermannas
1062 3371 1101 3432 ad
1124 3367 1327 3430 exornandum

236 3490 267 3544 et
287 3479 498 3544 stabiliendum
520 3488 719 3542 commentum
741 3498 826 3544 sunm
850 3480 977 3542 addidit.
1021 3479 1143 3540 Scilicet
1164 3476 1248 3550 iare,
1279 3473 1329 3532 in-

236 3593 316 3672 quit,
348 3591 513 3668 miramar,
540 3589 688 3666 paonaodo
711 3588 825 3650 Demea
845 3589 929 3666 apad
949 3584 1117 3658 Terentiam
1137 3582 1251 3662 samam
1271 3596 1328 3642 ro—

232 3701 347 3780 ptioais
369 3717 474 3761 oaore
491 3697 598 3778 papali
622 3702 777 3775 acceptam
789 3697 831 3757 od
850 3697 980 3775 fratrom
997 3690 1146 3770 perforat,
1170 3695 1330 3768 antequam

236 3809 304 3888 ipso
326 3807 495 3885 Aeseldiaas
515 3807 565 3868 ool
586 3805 725 3884 Ctesipho
755 3823 822 3866 cam
839 3803 960 3882 praeda
977 3817 1041 3878 ,saa
1058 3799 1177 3861 domam
1196 3797 1330 3878 patriam

234 3917 406 3996 repetierit,
431 3923 521 3996 alpae
542 3915 600 3977 loc
620 3921 654 3975 at
673 3912 898 3975 excasationem
919 3908 988 3969 inde
1008 3905 1140 3986 labent,
1162 3905 1242 3986 qaod
1259 3917 1329 3962 moa

236 4026 370 4104 lenonem
391 4043 457 4086 cam
479 4023 629 4086 Aeschino
651 4023 844 4086 altercantem
862 4018 1053 4099 paellampae
1073 4015 1231 4078 retrahere
1257 4011 1326 4070 sta-

238 4136 353 4197 deatem
373 4135 404 4195 ia
423 4152 516 4196 scena
534 4132 747 4211 comptonam,
767 4145 826 4210 pao
840 4128 958 4209 paidom
971 4125 1107 4190 coaoicio
1122 4121 1244 4184 maltam
1257 4125 1330 4180 tona-

235 4244 324 4322 poris
346 4242 515 4305 odsamtam
532 4240 629 4320 saissa
654 4239 794 4302 credibile
815 4245 880 4315 est,
914 4237 998 4319 apad
1019 4231 1217 4296 Menandrum
1240 4233 1329 4304 cerlo,

1391 1097 1395 1116 l
1438 1109 1439 1118 i

1438 1121 1439 1142 l

1438 1277 1439 1320 l
