2916 4834
660 358 881 424 ..3...

229 539 297 604 Non
321 541 400 600 enim
423 539 591 600 sententiae
612 539 759 618 quaedam
782 547 813 602 et
829 539 1103 622 figuraeoraoonts
1116 557 1155 604 ex
1168 541 1318 604 Perinthia

226 648 256 716 in
279 647 424 711 Andriam
447 646 569 708 latinam
590 647 752 710 translatae
772 655 865 728 sunt,
884 655 915 710 ut
935 648 1029 712 votuit
1052 648 1235 726 Grauertus,
1260 649 1315 712 sed

227 761 329 819 certae
350 761 452 834 partes
485 756 632 832 actionis,
663 772 763 836 neque
789 773 847 816 eae
867 763 968 836 partes
990 765 1154 836 paucorum
1177 775 1316 825 versuum

221 861 511 943 cirnnmscribnntnr
528 863 661 941 unibus,
699 863 782 942 quod
803 863 975 928 ‹Grauertus
1005 863 1319 940 fortasse‚·conoedal

221 969 346 1054 τ(ΔιιιΙΙ.
366 987 395 1048 p.
423 969 497 1044 189)
518 971 572 1038 sed
595 977 697 1050 putent
718 970 835 1034 latius„
913 1001 937 1032 -ι
1094 980 1096 986 ·

218 1108 291 1146 ‚mn
308 1076 359 1154 At,
382 1076 476 1154 dices,
500 1079 550 1157 qui
573 1096 613 1144 ex
634 1079 783 1140 Perinthia
806 1085 932 1144 mutuari
955 1080 1112 1143 Terentius
1131 1081 1319 1160 potuitsoe-

156 1207 157 1212 1
224 1199 280 1244 nas
304 1184 340 1244 ab
362 1184 497 1245 Andriae
519 1193 695 1266 argumento
718 1187 851 1266 alienas,
875 1205 972 1268 quum.
988 1195 1123 1263 constet,
1154 1189 1230 1252 duas
1252 1187 1318 1250 illas

224 1289 340 1350 fabulas
361 1289 518 1352 Menandri
537 1299 595 1352 tam
618 1293 729 1354 similes
751 1293 870 1370 inisse,
904 1301 937 1356 ut
969 1293 1030 1368 Oui
1057 1295 1205 1355 dmomnis
1237 1301 1319 1354 reete

224 1395 315 1470 norit,
338 1395 444 1457 umbos
466 1398 612 1458 nouerit?
654 1400 737 1460 llaec
759 1400 904 1462 dubitatio
926 1401 1016 1462 sacile
1039 1407 1221 1464 removetur.
1262 1401 1318 1464 Ni-

223 1493 328 1563 mirum
347 1503 503 1566 Terentius
519 1523 607 1584 quum
631 1506 720 1585 (prol.
735 1508 789 1582 11)
810 1525 872 1568 non
893 1507 961 1568 itu
984 1507 1122 1570 dissimili
1142 1513 1317 1588 crpumento

221 1609 321 1688 [omae
341 1608 491 1670 Andriam
512 1617 541 1670 et
559 1611 744 1674 Perinthiam
766 1621 872 1674 auctor
882 1615 931 1690 sit,
956 1618 1163 1694 consequitur,
1184 1616 1214 1676 id
1237 1615 1316 1694 quod
1408 1599 1412 1612 ’

222 1735 287 1796 per,
299 1735 333 1782 se
353 1724 404 1782 est
426 1717 580 1795 credibile,
601 1719 733 1797 aliquam
746 1727 829 1781 certe
852 1722 931 1782 inter
952 1721 1153 1784 dnaslabulas
1173 1723 1318 1784 dilleren-

222 1825 293 1892 tiam
323 1825 544 1888 intercessisse.
596 1827 694 1908 Atque
714 1845 781 1890 earn
803 1827 1001 1890 differentiam
1027 1830 1316 1910 quantulamcunque

222 1939 314 1998 arcto
334 1934 433 2012 potius
456 1951 544 2013 quarn
567 1942 678 1998 mutato
701 1944 878 2017 argumento
902 1947 972 1998 esse
992 1935 1131 1998 effectam
1152 1937 1316 2001 verisimile

222 2047 278 2106 est.
314 2040 396 2106 ,Nam
416 2047 493 2102 teste
513 2042 633 2104 Donato
657 2042 714 2117 (ad
735 2044 810 2121 prol.
836 2045 890 2118 lo)
907 2043 1011 2121 primo
1030 2058 1124 2104 sceno
1144 2043 1317 2107 Perinthioo

220 2165 321 2226 paene
341 2148 447 2218 iisdem
468 2148 582 2224 darbia,
606 2149 714 2228 quibus
734 2149 855 2212 Andria
876 2151 1023 2224 (iortasse
1041 2151 1233 2212 scribendum
1248 2149 1317 2212 An.

223 2255 325 2330 drice)
345 2256 462 2334 scripto
482 2263 536 2319 est.
589 2258 673 2331 Quae
695 2276 794 2322 scena
820 2261 1137 2339 quurn‘narrationern
1164 2261 1317 2320 contineat
1348 2261 1350 2265 ’

223 2381 325 2425 rernm
348 2370 418 2424 ante
441 2369 572 2428 actarum
599 2374 703 2442 (quam
727 2382 784 2428 nos
807 2364 1024 2442 reposuimem
1039 2373 1204 2437 nocemus)
1227 2363 1316 2425 facile

224 2472 419 2549 perspicitur,
448 2471 478 2530 in
505 2488 622 2546 aurnum
651 2467 819 2550 argumenti
847 2472 898 2532 vix
923 2489 1015 2549 posse
1042 2473 1199 2549 quicquam
1220 2473 1251 2533 in
1278 2488 1316 2530 ea

223 2576 323 2637 fabula
348 2578 550 2639 alienandro
575 2585 716 2662 mutatum
741 2596 828 2654 esse,
851 2595 937 2656 quarn
961 2576 1125 2636 secundam
1146 2575 1313 2653 scripserit,

225 2685 295 2746 addi
316 2689 427 2748 ceteris
448 2689 647 2750 conmutatis
669 2705 780 2748 novum
801 2686 912 2766 aliquid
944 2686 1088 2764 potuisse.
1140 2681 1222 2744 ldern
1253 2683 1313 2743 hoc

224 2777 403 2871 quad'rat'in
426 2796 537 2856 Donati
558 2775 759 2856 testimoninm
782 2794 875 2870 (le.)
890 2793 971 2854 'dnos
984 2793 1077 2870 locos,
1091 2791 1218 2852 atterum
1238 2807 1314 2850 ner-

221 2889 310 2957 sn'nm
332 2889 387 2976 ΧΤ,
398 2878 536 2982 'tiliarum
550 2887 610 2962 XX
628 2881 808 2984 in'ntroqcie
819 2897 927 2982 fabulo
937 2903 965 2972 ⁵)
986 2897 1105 2976 positos
1116 2897 1225 2977 fnisse,
1242 2893 1312 2978 quia

223 3007 249 3068 si
270 2999 378 3068 additis
402 2999 488 3068 novis
512 2983 612 3072 scenis
634 3009 748 3088 reliqua
771 2991 971 3088 integra'lere
999 3007 1223 3082 retinebantur,
1249 3021 1314 3084 po-

223 3120 342 3175 tuerunt
364 3114 454 3181 facile
476 3116 565 3176 etiarn
586 3093 649 3195 ipsa
665 3092 764 3178 ¹verba
785 3109 913 3191 servari,
934 3132 1010 3194 quae
1031 3115 1061 3176 in
1084 3121 1196 3176 mutato
1218 3130 1314 3194 argu-

222 3227 323 3282 rnento
361 3222 420 3287 nix,
444 3227 542 3308 aptum
570 3221 669 3292 locum
694 3221 820 3287 fuissent
843 3223 1009 3284 inventura.
1068 3223 1215 3304 Firmatur
1235 3221 1314 3282 haec

221 3328 416 3390 ratiocinatio
432 3342 500 3404 eo,
533 3327 615 3407 quod
648 3326 754 3390 demtis
785 3330 919 3410 partibus
959 3329 1080 3392 Charini
1118 3337 1147 3390 et
1169 3326 1313 3408 Byrrhiae

221 3433 295 3495 nihil
319 3435 349 3494 in
372 3434 692 3514 fabuladesideratur,
726 3443 755 3497 et
778 3454 834 3514 ea,
866 3455 944 3516 quae
973 3444 1110 3499 remanet
1131 3451 1220 3516 pars,
1252 3447 1315 3494 nou

223 3541 269 3603 ito
288 3541 442 3604 dissimilis
464 3550 510 3604 est
531 3543 668 3624 integrae
692 3541 812 3603 fabulae
835 3551 1024 3622 argumento.

223 3667 486 3682 “fibo-a...—

224 3733 291 3784 quae
309 3719 335 3768 in
348 3717 469 3768 Andriam
480 3732 638 3781 convenere,
659 3732 692 3766 ex
710 3714 840 3767 Perinthia
852 3711 980 3764 transtulit
990 3710 1134 3778 Terentius,
1155 3713 1210 3778 aed,
1231 3712 1318 3776 eredo,

225 3820 323 3878 partem
343 3813 419 3861 etiarn
441 3828 473 3864 ex
491 3811 595 3876 Andria.
680 3810 684 3817 '

258 3907 286 3978 5)
306 3907 411 3959 Scilicet
429 3909 455 3960 in
474 3907 609 3959 Menandri
628 3905 723 3958 Andria
741 3913 766 3956 et
786 3904 931 3968 Perinthia,
951 3919 1004 3956 non
1029 3905 1055 3954 in
1074 3903 1170 3956 Andria
1190 3904 1268 3954 letina
1290 3909 1317 3953 et

224 4005 340 4071 pecca,
353 4012 388 4052 »ut
407 4003 542 4070 pueriliter
559 4003 695 4054 arbitratur
716 4000 839 4052 Benleius
859 4001 896 4069 (in
914 3999 1011 4050 Transi.
1031 4015 1111 4067 germ.
1131 3999 1246 4066 Terede)
1270 4000 1314 4064 qni

223 4113 255 4149 eo
265 4113 432 4174 progressae
450 4107 497 4163 ert,
513 4107 542 4150 ut
560 4098 684 4167 indagare
703 4104 840 4147 conaretur
858 4096 884 4145 in
901 4093 1013 4148 Terentii
1031 4094 1162 4147 labalaXl
1175 4089 1236 4144 illos
1255 4107 1318 4144 ver·

222 4211 266 4248 sue
282 4203 309 4246 et
326 4195 379 4246 xx.
