2916 4834
661 325 903 448 ..pp-

238 558 346 622 minari
366 559 444 640 apud
475 559 647 620 Terentium
676 577 742 620 eum
764 561 827 665 qui
835 559 975 622 Thaidem
998 566 1102 623 eontra
1124 562 1214 623 milita
1216 581 1244 622 m
1266 563 1322 624 de-

239 668 352 747 fendat,
382 667 436 730 sed
459 685 492 729 re
513 686 585 730 vera
610 661 676 729 eam
696 685 765 731 esse
784 681 969 761 porsonam,
1004 687 1080 750 quae
1101 669 1201 732 rivalis
1220 677 1320 751 partes

238 778 269 837 in
289 776 398 837 Colace
415 777 602 838 sustinuerit
632 778 730 856 Atque
753 779 884 838 omnino
899 777 986 838 alium
1009 791 1078 840 esse
1092 778 1320 850 Clrrenietemin

236 884 446 947 seenalV17.
470 885 590 947 alium
583 883 679 948 1an
703 885 743 968 6,-
754 886 842 947 laoile
863 887 923 948 tihi
934 886 1142 966 persuadebis,
1165 888 1190 950 si
1211 905 1318 964 scenas

233 994 297 1055 illas
320 1001 430 1056 attente
451 996 633 1075 perlegerim
663 1014 741 1064 nam
751 973 872 1058 timidus
895 1003 994 1059 antea
1004 1003 1035 1057 et
1055 996 1152 1076 paullo
1174 997 1320 1077 stupidior

234 1101 377 1166 Chremes
406 1103 502 1165 subito
526 1105 556 1166 in
577 1123 668 1167 scena
690 1105 739 1167 lV.
759 1103 945 1166 isnenuus·
961 1091 1056 1164 lactus
1075 1112 1128 1166 est
1151 1103 1318 1168 etanim'o-

230 1209 293 1290 sus,
324 1227 400 1294 quae
420 1215 560 1292 mutatio,
591 1234 679 1295 quum
702 1216 733 1276 in
761 1215 917 1294 repentino
934 1213 1072 1292 ‘periculo
1094 1193 1319 1278 excusationem

232 1321 351 1395 habeat,
374 1322 531 1403 originem,
544 1315 688 1404 opinor,¹
704 1323 806 1386 hahuit
826 1325 865 1383 in·
878 1322 938 1400 eo,¹
958 1321 1045 1402 quod*
1063 1299 1129 1408 nou*
1142 1319 1251 1394 eadem
1263 1321 1320 1384 est

232 1429 396 1491 Chremetis
424 1449 554 1511 persona
577 1424 607 1494 in
631 1437 757 1513 utraque
775 1441 879 1495 'scena
1065 1417 1067 1423 ⁸
1193 1439 1197 1448 ’

315 1539 347 1599 ln
370 1538 470 1601 ultima
495 1559 587 1602 scena
611 1539 687 1604 duae
708 1537 796 1602 facile
823 1538 923 1621 partes
946 1541 1167 1622 agnoscuntur,
1199 1533 1327 1618 quanam·

230 1648 314 1726 prior
341 1637 452 1726 (usque
476 1637 512 1709 ad
533 1651 561 1709 'v.
585 1641 641 1726 93)
673 1669 711 1710 ex
728 1635 893 1710 'Eunucho¹
907 1649 1120 1732 derivata-est,
1147 1665 1189 1708 ex
1208 1643 1319 1720 Colace

231 1741 407 1832 posterior,
423 1752 524 1826 Quod
546 1759 642 1818 autern
656 1756 693 1816 ‘in
708 1753 773 1814 ‘h'ac
794 1753 887 1830 altera
902 1753 1052 1816 :Phaedria
1072 1755 1219 1832 loquitur,
1232 1762 1279 1828 e‘st
1290 1756 1317 1815 is

232 1861 312 1922 idem
336 1859 386 1921 ille
407 1861 506 1923 militis
527 1862 650 1960 rivalis,
661 1844 715 1942 qui
733 1864 763 1922 in
786 1879 878 1924 scena
899 1863 946 1924 lV.
963 1862 986 1922 7
1003 1863 1057 1923 sub
1079 1862 1243 1926 Chremetis
1256 1878 1317 1924 no

231 1971 311 2031 mine
334 1967 384 2030 de
393 1969 503 2030 Colace
526 1977 591 2035 erat
605 1971 766 2032 traductos.
798 1971 881 2043 Quae
906 1971 982 2032 cum
993 1971 1033 2032 ita
1052 1972 1122 2047 sint,
1142 1988 1203 2032 non
1223 1969 1321 2032 militis

232 2083 343 2138 tantum
366 2083 397 2137 et
412 2037 534 2156 phrasin
554 2093 705 2156 personae
728 2096 766 2141 ex
788 2077 898 2139 Colace
920 2075 1097 2157 transpositi
1113 2080 1208 2142 sunt
1200 2097 1234 2140 rn
1252 2080 1322 2142 lati

232 2203 301 2246 narn
322 2184 520 2264 Eunuchum,
552 2186 607 2247 sed
629 2193 658 2247 et
679 2173 779 2266 partes
802 2173 947 2266 quaedam
969 2186 1135 2246 meretricis
1158 2187 1321 2266 (Thaidis),

232 2296 350 2358 iuvenis
373 2295 498 2357 amantis
519 2293 737 2373 (Phaedriae),
772 2295 836 2356 eius
860 2295 940 2356 serui
970 2291 1212 2373 (Parmenonis),
1241 2294 1321 2390 quod

233 2401 369 2481 profecto
390 2417 452 2462 non
471 2418 593 2480 parvam
615 2401 694 2461 inter
718 2401 858 2464 Colacem
881 2409 910 2463 et
923 2401 1118 2516 Eunuchum
1107 2399 1321 2474 intercessisse

236 2508 368 2572 ostendit
389 2507 619 2569 similitudinem
1076 2555 1078 2562 ,
1215 2565 1217 2572 ⁴

318 2613 377 2678 Sed
399 2629 460 2673 non
485 2612 583 2673 omnia
608 2627 662 2687 ea,
692 2623 768 2686 quac
791 2609 821 2669 in
847 2608 1001 2671 Menandri
1023 2609 1169 2678 Eunucho
1190 2623 1251 2675 non
1270 2613 1322 2676 in,-

239 2722 321 2783 venit
343 2721 509 2799 Terentius,
529 2721 622 2801 potuit
642 2719 682 2780 ex
703 2720 767 2780 eius
780 2715 891 2778 Colace
914 2723 1068 2778 assumere
1075 2739 1083 2796 3
1096 2719 1201 2782 lertur
1216 2721 1254 2782 de
1264 2729 1320 2782 suo

237 2836 337 2912 partes
359 2831 502 2911 quasdam
525 2829 686 2891 addidisse.
738 2826 877 2889 Nimirum
908 2825 1069 2890 scholiasta
1093 2830 1140 2891 ad
1163 2830 1210 2892 lll.
1233 2831 1262 2906 4,-
1286 2831 1321 2891 1:

237 2935 328 3015 Bene,
350 2938 452 3017 inquit,
472 2938 594 2998 invento
605 2952 742 3015 persono
762 2934 950 3011 est(soilioet
963 2937 1157 3018 Antiphonis)
1182 2937 1324 2999 acinor-

239 3053 287 3110 ret
310 3046 466 3125 Chaerea,
493 3064 531 3106 ne
552 3063 630 3114 onus
653 3045 705 3106 dia
726 3043 875 3122 loquatur.
931 3044 1005 3106 lloo
1026 3050 1066 3106 ita
1083 3047 1272 3107 dictumest
1291 3052 1324 3108 ut

239 3154 311 3218 nihil
333 3155 464 3233 rectius;
487 3154 541 3218 sed
564 3153 643 3235 quod
665 3151 794 3214 additum
816 3158 878 3214 est:
900 3159 933 3213 ot
952 3153 1036 3230 opud
1053 3152 1251 3216 Menandrum
1274 3161 1328 3217 to.

239 3271 298 3326 tum
321 3263 490 3342 corrumpit.
532 3258 578 3320 Ex
599 3258 668 3335 hoc,
687 3257 835 3340 siquidem
853 3259 1001 3336 sincerum
1023 3265 1114 3337 esset,
1136 3278 1197 3322 non
1210 3277 1324 3322 neees-

236 3373 317 3436 sario
339 3373 458 3451 quidem
481 3374 734 3447 consequeretur,
768 3365 847 3446 quod
870 3368 961 3428 voluit
984 3367 1163 3445 Grauertus,
1195 3383 1319 3428 scenam

239 3481 351 3546 illia
372 3480 510 3542 Terentio
526 3494 594 3538 esse
612 3477 831 3549 inventam;
855 3478 951 3555 potuit
974 3478 1053 3538 enim
1068 3476 1155 3539 facile
1168 3475 1325 3537 Terentius

239 3589 327 3650 taleni
359 3604 482 3650 scenam
516 3583 634 3644 aliunde
656 3589 802 3646 mutuatus
824 3601 909 3659 esse;
946 3583 1001 3644 sed
1033 3588 1113 3643 tanta
1143 3599 1212 3661 pars
1245 3582 1321 3660 eius,

236 3715 314 3778 quae
337 3696 471 3776 sequitur
490 3707 602 3756 scenae
625 3689 764 3752 Terentio
787 3690 943 3751 tribuenda
967 3696 1068 3766 esset,
1093 3697 1231 3768 quantam
1256 3709 1323 3752 mea

241 3805 389 3870 sententia
408 3819 557 3884 nunquam
580 3798 661 3862 dedit
684 3797 721 3858 de
744 3815 808 3859 suo.
852 3798 942 3859 Vides
967 3798 1044 3858 enim
1068 3800 1166 3861 omnia
1178 3819 1225 3874 ea,
1248 3817 1326 3880 quae

241 3913 279 3978 od
304 3915 484 3978 narrandam
507 3928 568 3972 rem
591 3914 659 3969 ante
683 3911 788 3982 aetam,
809 3907 941 3988 ignotam
966 3905 1147 3987 Antiphoni,
1170 3915 1327 3988 spectato-

240 4023 323 4086 ribus
346 4023 530 4085 notissimam
551 4018 700 4099 pertinent
724 4021 754 4075 et
775 4021 931 4094 praeterea
956 4032 1060 4078 versus
1083 4035 1100 4078 a
1123 4019 1141 4078 5
1164 4017 1201 4078 ad
1223 4019 1243 4078 8
1265 4034 1328 4077 non

241 4133 375 4216 potuisse
401 4129 501 4194 locum
525 4127 637 4190 hahere
658 4127 689 4186 in
709 4122 852 4186 Eunucho
871 4123 1048 4198 llenandri,
1080 4126 1105 4186 si
1128 4125 1169 4186 ibi
1192 4125 1274 4187 solus
1295 4125 1329 4188 in

240 4257 364 4308 scenam
388 4239 523 4306 Chaerea
544 4235 699 4318 prodierit.
741 4233 852 4296 Essent
873 4233 963 4316 igitur
981 4233 1112 4297 Terentii
1123 4233 1236 4314 proprii
1253 4251 1330 4296 ver-

1440 555 1443 624 l

1442 625 1443 708 l
