2916 4834
549 371 794 436 -r3-

127 615 129 622 s
208 557 391 624 ilitsdbelius
411 558 473 633 (De
493 558 583 622 Plaut.
606 557 730 622 Didasc.
750 560 780 618 in
800 553 992 620 ttussbben.
1021 551 1096 626 latr
1121 573 1148 636 p.
1159 549 1216 632 rit

129 683 145 728 e
167 665 283 731 bonati:
298 665 402 726 verbis
422 665 542 744 (Praei,
560 665 599 726 ad
621 665 729 745 llecyr.
755 659 842 739 initt‘
858 663 946 724 llaec
961 659 1215 742 [ututudpottoss
1271 683 1275 691 ³

126 771 195 840 ,doti
215 791 284 834 esse
309 771 555 852 dicitcr‘prueco
579 773 792 835 dubitationem
812 771 1027 852 propemodum
1050 774 1122 833 oriri
1136 765 1218 849 dicit,

129 893 165 950 an
179 879 357 957 insperserit
375 895 519 958 graecum
542 879 694 958 exemplar
724 881 869 940 Donatus.
924 877 990 958 Ego
1020 887 1117 940 autem
1147 877 1218 941 nihil

128 985 250 1062 dubium
269 999 340 1056 'esse
359 988 390 1051 in
409 989 469 1050 hac
489 1005 524 1048 re
548 987 653 1064 credo,
672 988 726 1048 sed
749 1005 836 1066 quum
849 987 876 1048 'e
900 987 1019 1056 Donati,
1031 985 1133 1046 verbis
1157 981 1217 1048 'tum

130 1111 168 1168 ex
189 1093 398 1162 aliismindlciis
419 1093 620 1174 colligendum
640 1095 779 1172 arbitror,
800 1111 929 1176 graecas
946 1092 1061 1154 labulas
1074 1089 1219 1155 manibus

129 1217 191 1274 non
213 1203 333 1273 trivisse
355 1218 410 1268 eos
432 1203 667 1284 grammaticos,
688 1220 824 1281 ¹‹puomm
846 1199 1057 1263 adnotationes
1071 1197 1107 1261 in
1131 1207 1221 1262 unum

129 1323 237 1386 corpus
262 1308 412 1370 eonllatae
428 1310 607 1374 sub'Donati
623 1311 747 1370 nomina
762 1307 799 1370 ad
813 1322 873 1370 nos
892 1317 1103 1388 pervenerunt.
1137 1309 1220 1378 indii

131 1420 199 1500 pant
218 1416 279 1476 boo
302 1415 592 1496 argumentationes,
614 1413 718 1492 quales
742 1421 860 1476 exstant
882 1413 1021 1476 adhud.
1040 1415 1178 1493 prol.‚;il
1192 1421 1222 1476 et

133 1524 342 1589 taceremus
362 1523 494 1602 ratioet
514 1523 608 1584 exilis
626 1539 683 1601 qua
703 1523 846 1603 imprimis
867 1524 896 1592 in
919 1521 1041 1592 scholiis
1061 1521 1220 1589 Phormioa

130 1631 179 1701 nis
197 1648 311 1712 graeca
333 1631 501 1712 fragmenta
524 1631 615 1692 citata
630 1637 708 1708 sunt,
730 1638 789 1717 turn
803 1629 895 1709 ssqapd
918 1629 1064 1700 interdum
1086 1630 1224 1708 comptu-

128 1755 182 1800 res.
200 1737 384 1808 scholiastae
415 1738 456 1799 de'
476 1739 584 1800 eodem
613 1738 783 1820 fragmento
811 1737 894 1798 varia
920 1742 950 1808 et
973 1735 1120 1806 interdum
1143 1755 1224 1805 con-,i

129 1847 230 1935 baria,
254 1846 406 1926 disputant
435 1848 478 1904 ita.
498 1846 637 1924 quidem,
670 1853 712 1922 ut,
735 1860 888 1925 ¹agnoscas
916 1850 1058 1912 veterem¹
1076 1843 1229 1921 ¹a’nopr'an,

131 1971 220 2032 quam
242 1971 298 2032 pro
320 1955 382 2014 suis
405 1953 517 2014 viribus
536 1954 661 2032 quisque
682 1952 802 2014 solvere
827 1949 1000 2022 studuerit.¹
1028 1950 1089 2026 (cf.
1111 1952 1227 2020 Donate

48 2129 50 2132 .
131 2062 170 2123 ad
189 2062 269 2126 And.
291 2063 310 2123 l.
337 2061 366 2137 9,
389 2061 447 2136 33;
471 2061 519 2127 lll.
541 2063 570 2138 9,
592 2061 632 2136 33
654 2059 727 2121 llec.
753 2057 800 2120 lll.
826 2059 856 2136 4,
871 2057 928 2133 263
950 2057 1026 2118 llun.
1047 2056 1140 2146 ΝΑ,
1154 2061 1218 2134 22).

214 2168 386 2230 llauserunt
407 2169 514 2249 igitur,
548 2185 625 2248 quae
652 2168 690 2228 de
711 2167 843 2230 Terentii
864 2164 1084 2245 exemplaribus
1103 2168 1223 2256 graecis

132 2275 315 2338 scholiastae
337 2281 498 2336 narrante
519 2281 624 2335 vetere
646 2273 776 2354 quodam
789 2271 1025 2337 commentario.
1084 2273 1144 2337 Sed
1169 2268 1223 2354 ,qui

134 2401 202 2444 eum
225 2383 472 2463 commentarium
494 2380 621 2459 scripsit,
642 2397 681 2440 ne
704 2381 768 2458 ipse
790 2380 908 2460 quidem
928 2379 1106 2442 iudicandus
1123 2386 1169 2441 est
1185 2377 1223 2442 'iri

135 2488 347 2550 contaminatis
369 2487 501 2549 Terentii
521 2486 629 2548 fabulis
651 2493 772 2566 praeter
791 2489 954 2568 principale
968 2491 1133 2572 exemplum
1157 2507 1224 2551 cam

132 2614 253 2677 quoque
278 2596 443 2658 contulisse
463 2593 612 2672 fabulam,
644 2613 684 2656 ex
716 2613 773 2674 qua
803 2614 898 2676 pauca
928 2604 1041 2659 tantum
1068 2597 1225 2660 Terentius

135 2705 307 2766 adsciverit.
349 2705 433 2765 llaec
453 2703 639 2785 negligentia
661 2703 692 2764 in
703 2711 807 2764 vetere
822 2707 1017 2784 grammatico
1034 2713 1088 2786 per
1104 2723 1137 2766 se
1154 2705 1226 2767 mihi

136 2811 257 2872 videtur
282 2829 369 2890 quam
391 2812 554 2888 contraria,
576 2828 653 2889 quae
674 2811 733 2872 iam
755 2811 916 2892 flagitatur,
938 2811 1091 2894 diligentia
1113 2811 1232 2876 verisi-'

136 2920 252 2995 milior;
287 2925 348 2980 tum
385 2925 482 2980 autem
512 2918 656 2997 probatur
682 2935 739 2996 eo,
773 2918 853 2998 quod
884 2927 995 2980 tantum
1023 2935 1040 2980 e
1070 2919 1226 2982 Menandri

92 3095 95 3098 ,
135 3029 259 3091 Andria·
274 3036 305 3090 et
326 3027 471 3090 Eunucho
494 3035 525 3090 et
544 3026 701 3108 Adelphis,
723 3027 936 3108 principalibus
958 3029 1114 3090 latinarum
1138 3015 1228 3089 'laba-¹

137 3135 231 3196 larum
255 3135 468 3216 cognominum
491 3133 654 3213 exemplis,
691 3151 751 3195 non
774 3136 844 3195 item
865 3151 882 3195 e
904 3135 1074 3212 Perinthia,
1105 3135 1228 3216 Colace,

137 3243 415 3324 Synapothnesousi
435 3230 601 3323 fragmenta
623 3238 711 3303 nobis
733 3260 749 3302 a
772 3242 891 3304 Donato
913 3249 1031 3304 servata
1055 3245 1167 3325 sunta).
1224 3247 1226 3254 ’

223 3351 308 3424 Quae
330 3369 397 3412 oum
420 3351 460 3411 ita
474 3350 544 3428 sint,
567 3349 736 3412 rectissime
760 3349 905 3428 Clericus,
926 3350 1089 3432 Bentleius,
1110 3352 1229 3414 llleinc-

139 3533 372 3550 ⁶-1—-nu

210 3649 237 3719 9)
253 3649 311 3702 lion
330 3650 541 3710 dissimulandum
562 3658 610 3715 est,
628 3650 784 3702 Perinthiam
803 3652 878 3703 simul
895 3668 952 3704 cum
969 3652 1066 3703 Andria
1084 3655 1230 3720 inspexisse

139 3759 242 3810 eum,a
264 3761 314 3812 quo
333 3747 477 3812 proiectum
498 3753 537 3797 est
556 3745 682 3797 scholium
701 3746 780 3797 Andr.
800 3745 865 3812 prol.
889 3746 929 3797 10.
952 3751 954 3756 '
974 3747 1024 3799 Sed
1042 3745 1092 3798 hoc
1110 3763 1162 3798 uuo
1183 3764 1231 3798 ax-

140 3840 243 3908 emplo,
260 3855 320 3891 nam
340 3841 466 3893 scholium
487 3841 518 3892 ad
537 3857 562 3892 v.
582 3843 615 3894 13
635 3857 686 3892 uon
707 3843 836 3909 respicio,
863 3858 914 3892 non
934 3841 1011 3892 credo
1029 3844 1127 3894 irritum
1148 3844 1231 3910 reddi,

138 3937 211 4005 quod
229 3937 290 3988 dixi.
327 3937 391 3988 llam
409 3937 527 4004 prolecto
549 3937 594 3988 ille
614 3940 812 4005 grammaticus,
831 3940 875 4003 qui
893 3936 1015 3988 Andriam
1036 3924 1154 4005 graecam
1174 3957 1231 3990 cum

138 4033 219 4084 latina
238 4034 406 4100 comparavit,
427 4035 448 4084 si
468 4034 624 4086 Perinthiam
639 4048 742 4101 quoque
761 4032 799 4081 ad'
812 4048 902 4082 nranus
924 4031 1065 4098 habuisset,
1083 4033 1240 4086 toties·›ob-‘

138 4129 192 4180 lata
212 4131 268 4182 eius
288 4109 477 4196 comparandae
498 4131 646 4192 occasione,
664 4139 717 4178 uon
738 4129 765 4178 in
783 4123 900 4178 hac'una
914 4143 942 4178 ro
965 4143 1023 4179 sesa
1046 4123 1232 4196 continuissei;

139 4240 221 4292 quare
242 4225 307 4277 illud
328 4225 457 4278 scholium
475 4224 620 4292 proiectum
640 4238 699 4274 essa
719 4221 824 4273 aliunde
842 4223 904 4274 mihi
922 4237 1073 4289 persuasura
1088 4233 1137 4276 est.
1179 4243 1183 4256 ·
