2916 4834
661 377 885 448 20.-

227 576 325 632 auienr
348 585 401 630 eas
424 568 449 630 si
472 567 630 630 Terentius
651 567 689 629 de
709 583 766 630 suo
794 567 926 645 addidii3
957 567 1028 648 quid
1056 568 1216 632 credamus
1245 587 1316 633 asse

223 675 402 738 ePerinthia
423 672 594 736 adscitum?
625 673 700 736 Nam
720 675 917 754 acquiescere
942 692 1003 736 non
1023 687 1182 756 possumus
1202 680 1237 741 -irr
1259 695 1311 756 eo,

222 783 303 863 quod
324 783 487 846 Grauertus
509 783 744 864 dieiitp.192):
766 783 859 870 „Dies
874 782 925 846 irai
938 783 1140 846 rish'ausder
1157 792 1316 865 gesamm-'

222 897 273 953 terr
295 890 550 958 Durchsiohtder
570 890 751 971 Fragmenta
782 890 939 972 ergehen,
973 891 1044 953 dass
1074 892 1123 953 die
1154 891 1312 974 liandiuog

220 999 275 1060 der
296 998 374 1059 awai
395 997 608 1078 griechischen
631 997 796 1060 Comddien
817 998 857 1058 im
883 996 1004 1060 Ganzen
1025 998 1086 1062 und
1108 1000 1139 1060 in
1163 1000 1221 1061 den
1242 1000 1312 1060 cirr-

219 1105 326 1168 zelnen
339 1105 466 1186 ,Scenerr
490 1103 563 1166 sehr
585 1103 703 1170 dirniich
725 1123 790 1186 war
809 1104 869 1166 und
892 1105 971 1166 vicie
995 1087 1324 1168 einzelneGedoele'es¹

220 1211 284 1298 ppd,
302 1210 539 1290 ,Atestihruttpen
558 1223 616 1280 rou
641 1212 760 1274 Teroua
779 1229 833 1274 aus
857 1211 912 1274 der
933 1214 1023 1274 einen
1044 1213 1078 1286 (i.
1092 1230 1118 1273 a.
1142 1231 1182 1274 ex
1203 1214 1312 1280 lieris-

218 1317 354 1404 iltiatzin
376 1317 648 1392 edieeodrestseltr
680 1318 759 1386 wohl
789 1318 923 1390 isoonteo
954 1321 1138 1400 ribertragen
1172 1320 1309 1398 werden,

218 1425 473 1506 wogegeadarar
493 1439 549 1493 'aus
572 1427 675 1494 seiner
703 1426 996 1506 hauptsiehiichsten
1025 1413 1133 1501 Qualia
1161 1413 1309 1488 nmiriich

216 1531 359 1597 dieuches
383 1533 536 1612 'uuslaiien
564 1540 716 1596 musste.“-
766 1535 841 1604 iiiam
862 1551 900 1598 ea
921 1553 982 1596 non
1009 1542 1057 1598 esi
1083 1535 1309 1608 contenebratim

217 1659 305 1720 quoin
326 1643 523 1718 tnsrererse)
545 1644 708 1708 Gnauerius
728 1661 746 1702 a
768 1643 908 1704 Terentio
932 1642 963 1702 irr
977 1642 1093 1702 Andria
1116 1637 1308 1720 iactamess'e

217 1749 395 1828 suspicatur.
438 1747 608 1814 Scholiasta
624 1748 753 1839 ¹quidem
775 1748 894 1812 videtur
913 1747 992 1812 idern
1016 1749 1178 1829 cogitasse,
1199 1751 1248 1828 oui
1269 1749 1309 1810 ad

215 1855 311 1916 Andr.
334 1854 370 1915 Vr
391 1856 422 1930 5,
445 1855 465 1918 3
486 1871 518 1918 ‘a
537 1854 677 1920 Terentio
705 1861 797 1924 toianr
828 1856 1047 1934 sententiani]
1083 1856 1121 1918 de
1152 1855 1310 1920 Menandri

216 2149 410 2233 colloquiumi.
434 2165 458 2202 e.
477 2163 572 2202 scenae
594 2147 614 2201 1.
635 2147 738 2200 dail.
758 2149 785 2200 5.
815 2147 958 2200 litantem
980 2150 1145 2201 Terentianae
1164 2164 1256 2204 scenas
1275 2165 1307 2202 ex

215 2227 346 2297 Perinthia
363 2245 451 2310 potius
473 2260 549 2312 quam
572 2260 604 2296 ex
624 2243 901 2310 Andriarepetamus,
919 2242 1086 2295 nullomodo
1105 2242 1191 2296 induci
1210 2261 1307 2318 possu-

214 2333 270 2390 rr¹rus
280 2335 376 2406 graeci
397 2339 535 2406 iragmenti
557 2348 583 2390 et
602 2325 747 2389 latinorum
776 2351 899 2390 versuum
919 2339 957 2411 (in
978 2355 1013 2392 sc.
1035 2340 1055 2391 1.
1075 2337 1103 2410 4)
1129 2339 1307 2406 similitudine,

214 2435 281 2501 «luae
303 2442 350 2485 esi
360 2433 436 2484 valde
455 2432 590 2484 exilis.-
610 2433 712 2484 Erravit
730 2433 806 2484 etiam
822 2432 848 2483 in
868 2449 900 2484 eo
920 2435 1068 2499 Graeceius,
1088 2435 1157 2502 quod
1176 2429 1216 2488 sat
1233 2435 1309 2488 lirrrro

214 2535 367 2596 argomento
385 2531 422 2578 uti
441 2529 532 2592 noluit,
553 2538 605 2594 quo
626 2540 729 2578 scenam
748 2527 794 2578 Ill.
805 2527 823 2577 ὃ
835 2537 874 2577 ex·
893 2540 991 2594 graeca
1009 2528 1105 2578 Andria
1120 2529 1205 2593 potuit
1221 2529 1307 2578 dedu-

215 2634 284 2676 cere.
316 2622 444 2683 ‚nmirum
462 2623 578 2680 Donatus
598 2621 631 2675 od
649 2636 673 2675 r.
694 2621 797 2684 listis,
814 2635 848 2670 rte
864 2621 1026 2678 erreedsecre
1043 2619 1195 2686 adscripsit:
1213 2620 1306 2671 Prone

214 2719 331 2770 obsecres
347 2719 385 2787 spi
404 2711 558 2790 ἑιηνισμόν
575 2715 613 2789 μὴ
633 2715 763 2769 λιτάνευε
781 2731 896 2766 mnmcer
914 2729 981 2783 quae
1002 2712 1126 2766 Pithoeus
1147 2723 1174 2766 et
1191 2713 1306 2768 Linden-

215 2814 322 2881 hrogios
340 2829 411 2864 cunr
416 2813 503 2880 alique
520 2811 702 2882 probabilitate
723 2813 759 2862 ita
778 2810 937 2864 reduxeruut
955 2830 992 2881 ap
983 2809 1177 2882 ἑλιηνισμῷ
1203 2801 1243 2884 per}
1261 2814 1306 2865 lr-

210 2910 310 2964 ιανευε
324 2929 363 2980 μη
373 2927 479 2981 paupert
503 2907 554 2960 Sed
565 2906 703 2960 Grauertus
725 2905 821 2977 (Anall.
841 2906 951 2980 pise),
968 2923 1028 2958 nrrm
1049 2906 1100 2958 hoe
1118 2909 1152 2960 sit
1169 2907 1288 2975 fragmen

215 3013 267 3055 tum
285 3003 417 3056 Menandri
439 3001 539 3054 dubitat
563 2989 718 3069 propterea,
747 3001 817 3076 quod
842 2989 958 3054 Donatus
979 3003 1079 3054 sicum
1101 3007 1205 3070 poetam
1226 3004 1306 3054 citare

214 3101 349 3163 voluisset,
367 3114 419 3149 non
440 3098 549 3152 dixisset
568 3118 603 3168 apr
594 3097 789 3168 ἱιληνισαῷ
827 3097 965 3150 videretur
983 3097 1061 3150 hoc'
1054 3115 1110 3148 rure
1128 3114 1176 3150 suo
1195 3106 1306 3149 conterr-

212 3195 282 3246 disse
300 3194 455 3257 Grauertus,
475 3194 496 3244 si
517 3193 650 3256 Donatus,
667 3191 709 3243 vel
729 3193 878 3261 quicunque
898 3193 947 3243 luit
963 3192 1010 3243 ille
1031 3192 1179 3258 scholiasta,
1196 3193 1254 3260 ipse
1274 3207 1307 3244 ex

212 3292 271 3356 ipso
290 3289 429 3341 Menandro
449 3265 544 3356 gruem
561 3287 640 3338 verba
660 3288 849 3354 exscripsissei.
888 3287 1014 3350 Quoniam
1033 3295 1118 3340 autem
1137 3287 1182 3358 (de
1203 3302 1254 3354 qua
1266 3288 1303 3336 're

211 3384 279 3434 inira
296 3383 477 3450 disputabitur)
496 3399 528 3434 ex
539 3383 757 3450 ·reterc·quodam
776 3375 960 3434 commentario
976 3380 1122 3434 Terentiam
1139 3382 1303 3442 scholiastae,

211 3491 279 3548 quae
296 3467 390 3546 graeca
415 3465 537 3543 alierurrt,
564 3479 721 3541 hauserunt,
752 3473 829 3529 aliter
851 3481 892 3530 esi
916 3477 1088 3532 iudicandum.
1134 3475 1303 3541 comparetur

212 3569 339 3627 scholium
366 3573 399 3624 ad
423 3573 502 3624 Andr.
524 3573 544 3624 i.
560 3574 587 3636 2,
605 3575 640 3626 33
670 3575 768 3642 Figura
787 3582 824 3624 eet
842 3571 1015 3644 ἑλληνισμὸς
1034 3566 1052 3621 e
1069 3571 1125 3620 ioco
1152 3567 1238 3625 secto
1263 3584 1301 3640 με

210 3669 369 3728 teredenis
383 3668 432 3731 eie,
450 3683 518 3735 qaae
536 3667 617 3718 verba
632 3671 695 3735 quin
714 3671 766 3719 sirrt
784 3669 915 3720 liienandri
935 3683 967 3717 ex
978 3666 1074 3716 Andria
1084 3660 1212 3731 descripta
1224 3679 1302 3716 nemo

210 3767 318 3829 dubitat,
336 3773 414 3832 quum
435 3763 529 3814 ibidem
549 3763 616 3814 alter
632 3763 780 3827 scholiasta,
798 3763 980 3828 adscripserit:
999 3763 1044 3812 Sic
1065 3759 1213 3812 Menander
1233 3779 1299 3816 sero

210 3865 257 3916 eat
278 3859 361 3913 caldis
332 3861 501 3924 ἑλέιηθιις
517 3875 553 3931 με
572 3858 619 3924 ἄν,
653 3873 720 3926 qaae
745 3855 897 3924 corrigenda
926 3869 986 3907 esee
1010 3855 1042 3906 ad
1065 3855 1177 3908 alterius
1207 3855 1301 3908 scholii

93 3979 98 3991 ·
210 3969 323 4008 normam
344 3953 409 4005 vidit
428 3941 581 4005 lileinelrior.
663 3967 700 3992 .·

165 4105 166 4109 ,
244 4052 272 4115 2)
290 4037 371 4100 ld‘eni'
383 4047 468 4098 Antii.
491 4046 578 4114 ptos
599 4045 825 4097 dioiiGrarrcrios.

242 4140 271 4212 3)
289 4139 421 4195 Sententia
439 4143 504 4196 haec
522 4150 580 4193 est:
603 4143 661 4209 Epo
679 4140 879 4190 demorsitatis
899 4149 1036 4208 eapropter·
1055 4140 1236 4208 senpiternam
1246 4151 1300 4188 erae

208 4239 415 4303 antiocenses
431 4229 572 4306 voluptates
589 4249 679 4288 eorum
693 4235 817 4306 propriae
828 4244 907 4301 aunt,
925 4235 957 4286 ed
976 4247 1053 4304 quant
1070 4247 1138 4285 unus
1156 4231 1297 4284 scholiasta

1442 3269 1445 3336 r
