2916 4834
526 331 669 436 ..⁵31
725 400 772 416 -

99 575 161 622 non
183 555 290 620 videat.
342 555 404 618 lam
427 557 525 617 autem
546 559 693 635 apparet,
715 569 824 618 scenas
849 553 885 617 V.
908 556 939 628 5,
961 553 1053 650 o‚'7‚
1077 554 1182 634 quium

99 668 161 732 sola
180 650 318 748 largitate
338 681 398 724 nnn
425 679 515 725 veros
537 654 668 740 amicos,
696 662 751 724 sed
775 669 978 726 assentatores
997 663 1096 742 parari
1119 664 1185 724 lle-
1352 651 1355 659 ⁴

99 791 164 838 mea
185 774 349 853 experitur,
372 769 410 832 ad
430 769 617 836 alliciendam
640 770 719 832 illam
735 771 763 830 in
779 771 844 832 eius
868 771 968 833 animo
991 772 1183 832 mutationem

99 899 167 950 esse
187 897 312 962 prorsus
334 873 536 958 necessarias,
558 897 657 959 neque
669 897 696 952 ‚a
714 879 869 942 Menandri
885 877 984 942 labaala
999 879 1108 941 abesse
1121 879 1182 941 ullo
1256 915 1260 923 «

99 991 187 1060 modo
208 989 351 1069 potuisse.

179 1099 283 1164 Restat
305 1097 361 1188 iam
384 1115 483 1175 unum,
506 1098 535 1160 in
548 1112 606 1176 quo
621 1115 637 1160 a
651 1095 797 1160 Grauerto
818 1094 1020 1161 recedendum
1038 1095 1183 1158 videatur.

98 1209 214 1272 Etenim
235 1205 274 1268 ad
296 1205 329 1266 V.
352 1205 383 1281 8,
409 1207 446 1277 15
467 1204 604 1267 Donatus
621 1203 714 1284 Apud
731 1203 940 1294 Menandrum,
962 1203 1066 1283 inquit,
1088 1219 1183 1264 senaa

99 1317 135 1378 de
156 1314 267 1392 namtas
287 1331 348 1376 non
368 1319 538 1393 pacantur:
573 1330 644 1392 crpc
681 1312 839 1374 Terentina·
863 1312 1044 1394 εὑρητικαῖς.
1098 1309 1185 1398 Quod
1277 1314 1279 1318 '

99 1442 185 1504 quum
206 1424 382 1502 Lessingius
413 1419 533 1494 (llamb.
555 1420 687 1482 Dramat.
711 1420 746 1482 ll.
769 1439 797 1499 p.
822 1421 899 1497 382)
929 1419 1005 1482 falso
1036 1420 1076 1480 ita
1098 1419 1184 1482 acai-

96 1540 182 1612 pcrct
202 1531 258 1592 Bel
271 1529 437 1594 Menander
456 1528 526 1610 solit
540 1547 617 1590 man,
632 1529 697 1590 dem
708 1527 797 1594 Attea
816 1529 869 1591 nte
889 1529 944 1593 der
965 1525 1184 1596 Hcdratlrniclat

97 1637 321 1711 incaluerint,
342 1644 430 1718 atque
455 1636 532 1700 adeo
554 1637 736 1718 vituperaret
749 1637 917 1702 Terentium
938 1642 1060 1716 propter
1074 1635 1185 1698 intem-

95 1749 239 1830 pestivam
264 1747 472 1823 mutationem,
490 1746 634 1810 refutatus
656 1753 704 1808 est
725 1763 742 1806 a
765 1745 919 1810 Grauerto
935 1753 979 1825 [p.
998 1741 1083 1820 146).
1121 1743 1183 1808 Sed

97 1874 136 1918 ue
158 1856 321 1941 Grauertus
345 1853 463 1934 quidem
484 1870 590 1936 ¹verum
612 1852 791 1915 enucleavit.
835 1853 941 1915 Merito
965 1854 1043 1914 enim
1063 1853 1184 1930 mirere,

96 1961 180 2040 cpnd
200 1959 400 2024 Menandrum
420 1971 520 2024 senens
535 1959 572 2022 da
581 1959 694 2038 nuptiis
714 1977 776 2020 nun
792 1960 931 2040 mandri,
955 1960 1034 2040 quod
1055 1978 1183 2041 prorsus

96 2079 150 2134 cst.
165 2078 270 2134 contra
292 2076 396 2134 artem.
421 2114 424 2121 -
450 2050 525 2130 illam
548 2069 579 2132 id
601 2071 701 2150 agitur
719 2074 752 2132 ut
774 2075 935 2148 exsuperet
962 2068 1083 2135 fratrem
1105 2069 1186 2144 lille--⁴

19 2195 23 2204 ·
94 2179 211 2242 rulitate
232 2179 414 2243 etaomitntc
427 2176 646 2256 Demea-idque
667 2182 699 2240 ut
711 2177 800 2242 Micio
821 2191 914 2257 aegre
928 2177 1025 2255 derat,
1039 2179 1087 2240 vel
1100 2184 1184 2240 certe

94 2289 217 2352 nimium
241 2288 400 2351 arbitretur
425 2304 504 2348 esse.
547 2286 742 2365 Quapropter,
756 2291 787 2346 et
811 2284 860 2360 (V.
884 2286 964 2362 8,i)
985 2285 1185 2378 subirascitur

93 2397 246 2473 Demeae,
266 2394 347 2475 prod
367 2395 394 2456 is
416 2391 580 2457 muranum
599 2392 631 2454 in
650 2392 738 2453 torto
759 2391 837 2454 dirui
857 2393 984 2458 iusserat
1005 2394 1056 2470 (V.
1079 2393 1109 2472 7,
1130 2397 1185 2471 tlt)

94 2510 126 2566 ct
146 2503 197 2578 (V.
219 2501 250 2580 7,
273 2501 329 2580 27)
350 2503 459 2564 invitus
482 2501 612 2582 Hegioni
633 2499 760 2581 agellum
782 2501 947 2580 concedit,
969 2509 1000 2564 et
1021 2502 1072 2578 (M.
1095 2501 1124 2580 9,
1145 2502 1183 2578 3)

95 2612 330 2674 manumissione
356 2612 477 2692 dignum
505 2628 574 2674 csse
606 2611 712 2690 Syrum
733 2627 825 2692 aegre
848 2611 997 2678 concedit.
1040 2612 1124 2677 llanc
1143 2612 1183 2684 ab.

95 2737 217 2781 causam
236 2721 327 2782 etiam
348 2721 457 2799 nuptiis
476 2718 658 2801 aliquantum
678 2725 764 2808 certe
786 2719 934 2800 refragari
956 2737 1070 2797 senem,
1092 2736 1184 2800 pror-

95 2843 148 2888 sus
167 2843 295 2888 necesse
314 2833 369 2888 est.
402 2828 561 2890 Praeterea
584 2834 681 2891 autem
703 2828 729 2889 si
754 2828 832 2908 apud
846 2827 1040 2892 Menandrum
1059 2829 1181 2892 omnino

95 2952 157 2996 non
180 2936 304 3016 gravari
325 2953 430 2998 senem
453 2936 556 3000 dicere
577 2937 670 3006 voluit
691 2937 877 3016 scholiasta,
902 2955 956 3001 cur
975 2937 1009 3002 id
1029 2938 1183 3004 adnotavit

94 3045 134 3104 ad
156 3062 275 3106 versum
298 3046 354 3123 15,
385 3061 447 3106 non
473 3045 534 3123 10,
554 3045 605 3108 ulti
627 3046 748 3126 marari
769 3045 858 3108 Micio
882 3046 1009 3125 incipit‘l
1049 3047 1181 3125 Scilicet,

95 3153 165 3230 quia
189 3170 249 3213 non
272 3153 401 3232 scripsit,
423 3152 505 3234 quod
524 3170 582 3214 nos
598 3153 688 3214 hodie
711 3153 846 3234 legimus,
868 3154 922 3216 sed
939 3172 999 3220 non
1023 3161 1182 3234 mopere

21 3291 23 3298 ·
95 3275 201 3320 senem
223 3265 274 3319 aut
294 3259 355 3320 utto
376 3260 463 3320 modo
484 3260 605 3340 gravari
629 3258 707 3339 apud
729 3259 935 3323 Menandrum.

179 3367 263 3428 llaec
285 3368 384 3450 igitur,
407 3385 483 3447 quac
505 3367 664 3447 disputavi,
689 3369 714 3430 si
736 3369 929 3432 coniunxeris
950 3387 1016 3436 cum
1042 3369 1179 3434 Grauerti

44 3541 47 3546 ,
94 3473 317 3556 dissertatione,
341 3475 484 3556 probabis
495 3475 623 3536 fortasse
635 3475 785 3556 iudicium,
807 3476 886 3556 quod
899 3477 1009 3542 detota
1023 3477 1181 3557 Adelpho-

93 3599 158 3642 rum
175 3587 393 3665 compositione
410 3584 481 3647 inde
496 3585 698 3665 consequitur,
713 3594 840 3664 accepta
853 3604 899 3666 ed,
913 3605 1003 3667 qnam
1013 3585 1181 3664 dentpttto

90 3693 1183 3777 srampserit,parta‘calnprcrscTarnadampertotnrnfcbnlamMcncndrd

92 3799 223 3880 castipa'c
235 3818 302 3862 aare
311 3811 452 3866 sernum.
467 3803 553 3879 Quod
565 3804 704 3867 indicium
717 3824 803 3886 quum
814 3824 873 3868 non
883 3804 1036 3868 conciliari
1045 3801 1182 3871 videatur

92 3925 186 3987 posse
197 3927 263 3971 cum
279 3928 328 3988 eo,
349 3913 428 3990 quod
447 3913 616 3975 Hermanno
629 3913 737 3992 placuit
758 3916 804 3992 (in
819 3913 1023 3994 Disputatione
1038 3910 1076 3973 de
1087 3911 1180 3974 Adel-

95 4016 177 4094 phis)
191 4019 324 4081 breviter
346 4017 376 4078 in
399 4017 463 4078 eius
483 4019 742 4080 ratiocinationem
764 4019 955 4100 inquiramus.
999 4017 1046 4082 Ac
1066 4035 1181 4092 summa

92 4123 213 4202 quidem
246 4123 467 4188 dissertationis
495 4125 735 4188 Hermannianae
761 4134 898 4190 versatur
917 4129 948 4189 in
969 4126 1177 4206 investiganda

92 4229 275 4311 dillerentia,
295 4251 372 4314 quae
401 4233 478 4294 inter
499 4231 610 4296 latinae
633 4249 823 4315 graecaequc
839 4233 958 4298 tacdae
973 4235 1179 4300 intercesserit
