2916 4834
577 393 816 463 ...21-

157 596 207 640 sus
230 579 289 653 95,
319 576 403 656 quo'd
422 576 591 655 priusquam
617 575 791 650 credamus,
820 575 990 637 exatninare
1018 575 1115 654 placet
1135 575 1240 654 quihus

148 664 265 747 'nitatur
284 684 482 748 fundamentis
505 683 685 750 scholiastae
711 683 920 744 testimoninm.
974 681 1003 742 ls
1025 689 1146 761 autem,
1168 683 1239 744 nbi·

157 812 273 874 cunque
296 794 334 854 de
355 793 573 872 compositione
594 791 758 853 fabularum
779 792 1026 852 Terentianamm
1045 791 1179 868 disserit,
1200 791 1241 854 itu

149 898 296 977 'loquitun
317 899 472 978 acsi-ipsi
493 897 727 974 Terentio-nun
748 898 868 977 graecis
889 897 1106 976 exemplaribus
1127 896 1244 978 singula

149 1006 492 1088 oraeque‘debeentur:
542 1004 602 1068 Sed
632 1007 681 1084 qui
702 1023 748 1068 ea·
762 1019 795 1068 re
818 1005 847 1065 in
870 1015 1011 1066 errorem
1028 1005 1241 1083 induceretur,

156 1121 190 1176 ut
212 1113 269 1176 illis
296 1103 338 1175 in·
353 1113 435 1174 locis
454 1114 612 1194 agraecio
633 1113 730 1192 poetis
752 1111 918 1174 recessisse
938 1111 1108 1188 Terentium
1131 1109 1242 1176 crede·-

155 1229 223 1312 ret.‚
253 1234 316 1290 uon
330 1221 516 1294 Llueulentnm
539 1222 644 1284 ederet
663 1221 769 1293 iudicii
788 1220 960 1300 specimen,
983 1223 1123 1300 quemvis·
1140 1227 1245 1283 cantus

159 1327 309 1402 videretur
326 1348 394 1400 esse
409 1348 482 1411 prae
501 1330 714 1409 Schroedero,‘
725 1330 775 1408 qui
797 1347 872 1408 quos
894 1346 999 1390 versus
1013 1329 1120 1391 Cicero
1137 1311 1245 1409 aliique

157 1447 291 1502 veterum
313 1420 490 1519 scriptorum
507 1435 640 1498 Terentii
661 1438 787 1498 nounne
800 1436 941 1515 afferunt,
955 1455 1009 1504 eos
1022 1455 1081 1498 non
1095 1455 1135 1497 ex
1149 1454 1244 1518 gree-

159 1548 203 1609 cis
226 1547 557 1626 exemplis..expressos
579 1545 755 1623 suspicatur.
790 1543 972 1624 Hincigitnr
988 1545 1178 1608 iudicandum
1198 1551 1244 1604 est

144 1763 300 1842 1ιιιιίίὶιοιιι,
318 1747 769 1840 *Terentium-quemadmodum
783 1761 868 1822 otius
879 1775 939 1838 per
951 1760 1147 1840 Pamphilum,
1166 1761 1245 1823 otios

153 1891 214 1950 per
235 1867 336 1950 ipsum
355 1869 573 1942 Parmenonem
584 1869 660 1933 tuo
671 1851 770 1947 enit,
791 1870 1039 1946 quenadmodum
1051 1870 1206 1937 nesciatur
1222 1887 1243 1930 a

159 1965 303 2054 coeteris‚'
318 1971 465 2056 cirpiuem
476 1983 546 2044 urite
564 1975 687 2054 nuptiae
709 1975 758 2056 uh·
772 1975 840 2054 ipso
849 1973 1005 2054 Pamphilo
1015 1977 1152 2038 uitiatum
1166 1995 1242 2039 ease.

155 2085 326 2162 Simile-est
343 2081 470 2164 Adelph.
493 2085 540 2146 tv.
565 2085 625 2161 a-‚a
649 2083 879 2163 ¹Suptenh'sm'rne
903 2083 1071 2161 Terentius,
1092 2085 1149 2146 etsi
1165 2103 1245 2162 pro.

154 2179 240 2278 <timu
261 2194 336 2268 cillo
358 2201 423 2272 est‚·
450 2191 639 2264 accessorio·
659 2191 761 2254 auten
782 2193 823 2254 od
846 2194 978 2272 reliquos
1003 2199 1091 2255 oclus
1121 2193 1246 2271 subulae

156 2302 253 2378 uoluit
271 2300 310 2362 ob
331 2300 411 2360 urbe.
424 2299 592 2375 discedere,
611 2317 764 2376 personne
785 2299 888 2360 seniis
906 2318 1019 2360 memor
1028 2318 1039 2371 ;
1063 2317 1134 2360 uum
1148 2305 1177 2360 et
1188 2318 1246 2361 ur-

142 2403 249 2478 nuum
270 2409 382 2488 fueret,
404 2408 472 2469 dum
490 2407 574 2478 'redit
593 2413 624 2466 et
638 2405 811 2484 cruciabile,
832 2424 870 2466 ue
888 2406 1027 2487 sutiputio
1048 2407 1113 2468 eius
1131 2407 1163 2468 iu
1178 2415 1246 2468 tru-

154 2518 291 2598 poedium
312 2514 516 2592 monstrem).
570 2515 661 2576 Recte
681 2515 772 2595 ipitur
801 2515 984 2592 inuenit,
1019 2516 1246 2582 umeroeuum‘o

155 2625 200 2686 uu
220 2625 253 2686 in
266 2625 351 2686 urbe
368 2625 547 2703 narratum,
584 2625 652 2686 ruri
673 2643 735 2687 rien
757 2642 823 2685 esse
851 2623 1065 2702 Ctesiphonem
1124 2623 1167 2684 At
1187 2623 1246 2684 uhi

154 2749 290 2808 pereuuo
309 2738 356 2793 eat
374 2730 594 2804 adulescentie,
626 2735 656 2792 et
670 2730 876 2808 proficiscitur
905 2730 960 2792 od·
973 2731 1077 2794 uilium
1098 2739 1127 2794 et
1147 2734 1246 2812 eonti-

156 2855 217 2898 uuo
238 2837 325 2912 redit,
346 2845 380 2898 ut
402 2839 434 2898 iu
456 2839 603 2900 Eunucho
623 2837 784 2902 Phaedria.
835 2839 942 2900 Nonne
967 2838 1045 2904 haec
1066 2842 1107 2904 ita
1128 2843 1242 2922 proleta

157 2953 247 3024 sunt,
279 2953 310 3018 nt
328 2945 431 3007 ‘tacite
459 2945 568 3008 credas
590 2947 668 3027 apud
691 2946 885 3014 Menandrum
918 2947 957 3010 ad
978 2947 1076 3022 villam
1097 2952 1246 3014 transisse·

157 3069 273 3129 senem,
292 3052 382 3132 idque
405 3059 545 3114 mutatum
568 3071 636 3116 esse
658 3072 675 3114 a
697 3052 859 3114 Terentio?
888 3045 936 3114 'Et
958 3063 1056 3132 tamen
1078 3057 1150 3118 nihil
1171 3077 1243 3122 cer·-

156 3161 221 3220 tius'
235 3167 291 3238 est,
312 3177 400 3240 quam
425 3161 594 3222 Terentium
617 3163 646 3220 in
669 3179 704 3222 ea
725 3163 789 3240 ipsa
810 3177 856 3238 re,
877 3169 1000 3242 propter
1020 3183 1106 3245 qua-m
1124 3163 1241 3230 collauu.

43 3335 45 3338 ¹
158 3264 245 3328 datur
269 3283 287 3325 a
310 3270 516 3346 grammatico,
537 3268 641 3348 graeci
663 3267 790 3347 exempli
811 3269 937 3349 vestigia
957 3275 1114 3352 pressisse.
1153 3273 1240 3336 Nullo

130 3411 133 3416 -
157 3376 237 3436 enim
267 3375 357 3437 modo
384 3376 450 3437 lieri
476 3377 590 3455 potuit,
605 3382 650 3436 ‚nt
673 3375 786 3436 Demea
810 3377 915 3438 urhem
935 3379 1125 3462 relinqueret.
1184 3383 1241 3456 Qui

157 3492 311 3563 comperto
332 3482 477 3546 Aeschini
498 3483 634 3546 facinore
655 3483 720 3560 (lll.
743 3481 778 3561 l)
800 3502 860 3547 non
879 3488 974 3566 potuit
993 3507 1043 3550 rus
1063 3490 1241 3569 remigrare,

159 3599 191 3653 ut
209 3592 291 3656 hono
313 3611 368 3656 suo
391 3592 452 3654 illio
476 3611 509 3654 se
537 3593 634 3672 quiete
655 3593 842 3682 delectaret,
863 3595 990 3678 sedpro
1011 3597 1166 3663 iracundia
1187 3615 1241 3660 suu

156 3717 193 3762 ac
215 3701 303 3762 nimia
326 3702 515 3765 vehementia
538 3701 609 3770 nihil
634 3704 782 3784 antiquius
803 3704 924 3784 habuit,
958 3724 1046 3786 qnam
1069 3713 1101 3768 nt
1122 3723 1240 3769 omnem

209 3978 252 4048 17)
270 3977 336 4029 ilinc
354 3977 532 4044 corrigendum
552 3987 592 4032 est
620 3981 746 4033 acholium
773 3979 805 4030 ad
829 3979 930 4032 Phonn.
957 3980 1058 4048 prolog.
1076 3981 1106 4032 5:
1137 3983 1209 4033 Reae

154 4087 238 4128 autem
259 4076 307 4128 hoc
326 4075 437 4126 deterior
456 4075 601 4128 Menandro
625 4079 754 4129 Terentius
774 4078 945 4141 indicabatur,
964 4077 1029 4146 quod
1047 4078 1131 4128 minuc
1139 4074 1189 4128 auh*

109 4234 112 4243 Ι
155 4173 273 4221 oratioue
290 4177 422 4233 uteretur,
449 4170 514 4236 quod
530 4171 611 4238 ipsum
628 4188 697 4222 uunc
712 4178 809 4238 purpot
826 4171 913 4222 dicens
931 4171 959 4222 in
985 4173 1174 4238 tragoedia

154 4263 222 4314 tiore
241 4266 354 4318 trumire
369 4281 452 4334 pocae.
490 4263 657 4318 scribentium
676 4266 706 4316 io
729 4262 916 4332 tropoediam.'
