2916 4834
548 383 794 445 ..21-.

133 561 280 642 proiecto*
292 563 442 632 rationem
465 577 555 625 uerno
578 561 786 644 impugnabit,
820 563 871 644 qui
897 565 1003 644 sapiat
1054 562 1115 636 set
1144 562 1225 626 aliud

134 668 212 732 idem
234 670 422 752 magistellos
449 671 582 733 ornavit
607 670 647 730 ad
668 672 763 733 Andr.
784 671 859 751 prol.
884 670 922 733 13
951 671 990 736 de
1011 687 1072 751 quo
1094 672 1227 733 breviter

135 778 303 858 disputabo.
335 775 515 860 Qaaeopta,
535 779 691 858 inquit,.et
711 779 866 841 commoda
884 780 1010 859 merant
1027 779 1060 852 ip
1079 777 1229 840 Andriam

134 881 272 964 latinam,
290 905 374 948 non
390 905 593 966 praecem,
613 888 728 967 [atatam
751 887 944 949 transtulisse
965 895 1024 963 (sc.
1045 887 1229 958 terentius).

133 991 311 1070 Sadasara
321 1010 366 1054 se.
382 1000 490 1058 onerat
504 992 670 1070 terentes,
693 1013 760 1056 cam
768 993 869 1070 possit
887 993 985 1061 uideri
996 994 1034 1054 de
1045 1009 1109 1054 ana
1121 1000 1229 1054 tram

130 1099 262 1166 mitrae?
283 1123 287 1132 ·
305 1098 356 1161 Sic
377 1101 515 1164 sennar.
562 1100 643 1175 Quia
663 1100 804 1162 marnas
826 1100 887 1162 sibi
908 1107 972 1178 est,
1003 1101 1136 1178 prienam
1153 1117 1226 1162 sea-

132 1225 204 1270 nam
223 1207 259 1270 de
281 1206 436 1284 Perinthia
456 1226 524 1272 esse
545 1210 745 1286 translatam,
777 1208 830 1269 abi
849 1226 946 1270 senen
972 1208 1017 1268 ita
1039 1226 1106 1268 mam
1126 1225 1227 1268 neore

133 1314 274 1393 loqnilw,
296 1322 335 1384 al
349 1317 444 1394 apnd·
458 1307 626 1378 Terentiam
649 1335 719 1378 cam
739 1315 866 1388 liberm
894 1322 927 1378 al
945 1316 979 1376 in
999 1297 1136 1424 Andriap
1156 1314 1228 1377 Me·

132 1421 244 1485 mandri
262 1424 347 1486 solas
368 1439 464 1486 senen
486 1432 541 1489 est.
594 1425 669 1486 Huic
692 1425 879 1486 adnotationi
904 1425 1040 1502 opposita
1062 1431 1109 1486 est
1131 1422 1227 1485 altera

133 1529 173 1600 ad
196 1513 316 1606 versum
338 1533 383 1594 'td
403 1531 568 1610 adscripta:
588 1531 800 1592 Primascena
818 1531 1100 1608 Perinthioepaenc
1122 1530 1228 1614 iisdem

133 1636 246 1710 verbis,
271 1637 379 1716 patara
399 1637 528 1704 Aeaea.
539 1640 658 1718 scripta
677 1646 741 1723 est3
755 1647 869 1700 cetere
889 1639 1049 1700 dissimilia
1065 1646 1145 1715 sant,
1167 1656 1227 1700 en-

131 1745 226 1822 ceptis
246 1745 362 1812 daobm
390 1747 485 1821 locis,
518 1749 615 1810 allero
632 1748 683 1810 ad·
696 1762 810 1808 oersns
831 1747 888 1825 Xl,
910 1748 1011 1808 altero
1030 1745 1072 1808 ad
1094 1745 1155 1807 XX
1174 1743 1228 1826 qai

130 1851 166 1912 in
183 1858 313 1930 atraque
332 1853 441 1931 fabula
457 1855 551 1932 positi
570 1862 649 1919 sant.
694 1857 827 1928 Quorum
849 1853 1033 1916 scholiorum
1053 1869 1142 1932 muru
1163 1870 1225 1932 po·

132 1959 243 2040 sterias
267 1961 297 2021 in
321 1975 355 2020 se
377 1957 450 2021 nibil
470 1957 590 2036 babeat,
610 1958 690 2038 quod
713 1959 918 2039 suspicionem
941 1959 1038 2038 pessit
1061 1966 1112 2021 aut
1135 1957 1226 2021 dubi·-
1279 1953 1280 1958 ’

131 2066 279 2131 tationem·
296 2083 443 2143 monere,
473 2066 554 2145 prius
586 2067 688 2128 omnia
713 2083 788 2144 prae
812 2083 847 2126 se
872 2065 953 2126 serre
975 2064 1095 2144 videtur
1114 2063 1226 2128 iudicia

131 2175 250 2256 spuriae
271 2173 466 2240 auctoritatis.
509 2173 730 2260 l‘rimumenim
752 2172 821 2234 ride
843 2173 974 2252 ineptum
987 2173 1150 2251 bominem,
1173 2171 1225 2252 quui

130 2282 312 2350 monendum
340 2297 410 2347 esse
433 2280 604 2353 arbitratur,
635 2297 696 2340 nou
731 2280 761 2340 in
785 2277 930 2357 'graecam
954 2279 1099 2341 Andriam
1114 2279 1173 2342 sed
1192 2280 1227 2342 iu

131 2391 254 2452 latinam
266 2407 293 2450 *a
310 2386 450 2450 Terentio
474 2404 521 2467 ea,
545 2404 622 2466 quae
637 2393 704 2466 apta
719 2392 751 2447 et
769 2387 928 2448 cornmada
941 2387 1060 2464 fuerint,
1081 2386 1225 2450 translata

132 2500 252 2572 esset).
306 2495 377 2556 Tum
407 2495 478 2574 quid
502 2502 603 2573 potest
627 2496 755 2574 ineptius
783 2512 854 2556 esse
882 2495 940 2558 bac
962 2498 1222 2579 interrogatione:

130 2603 307 2682 scapnam
328 2619 363 2664 se
382 2607 491 2666 onerat
515 2600 691 2675 Terentius,
730 2611 821 2679 wana
848 2598 950 2679 possit
977 2600 1077 2662 uideri
1103 2601 1140 2662 de
1159 2618 1224 2664 ursa

134 2709 352 2775 transtulisse?
372 2710 672 2776 Nonaetibinideris
684 2710 860 2790 magistrum
873 2708 990 2786 audac,
1010 2711 1112 2788 pueris
1125 2725 1226 2790 mme-

132 2819 261 2880 stionem
283 2819 524 2898 proponentem?
557 2819 619 2880 ,Ac
645 2835 720 2882 sane
740 2818 862 2898 puerilis
883 2824 949 2895 est,
980 2835 1058 2898 quae
1088 2819 1224 2899 sequitur

128 2929 300 3008 responsio.
358 2924 439 3000 Quia
461 2926 658 2988 conscias
686 2927 728 3002 (l)
748 2925 809 2988 sibi
829 2933 877 2988 est
897 2925 1224 3004 iamlam-primae

128 3051 252 3098 scenam
272 3035 309 3097 de
327 3033 484 3098 Perinthia
506 3053 574 3096 esse
597 3037 787 3098 translatam,
835 3036 919 3098 llaec
939 3052 1002 3099 non
1026 3035 1131 3098 batista
1151 3037 1224 3096 sunt

130 3161 170 3203 ex
189 3144 292 3222 probis
314 3142 506 3219 auctoribus,
538 3142 593 3204 sed
615 3141 652 3203 ad
677 3143 844 3204 acuendum
870 3143 1022 3224 ingenium
1045 3149 1075 3204 et
1097 3143 1223 3205 exerei-

132 3251 254 3312 tandam
277 3252 472 3331 sagacitatem
493 3251 669 3310 inventa.
712 3249 785 3310 Nam
807 3250 833 3310 si
855 3268 889 3310 re
914 3267 987 3313 uera
1009 3250 1224 3331 granamsticus

129 3358 289 3432 scivisset,
319 3360 444 3437 primam
470 3374 592 3418 scenam
615 3356 654 3416 de
676 3355 823 3418 Perinthia
845 3376 914 3420 esse
941 3359 1130 3437 translatam,
1159 3377 1228 3422 nom

128 3471 187 3526 tarn
210 3465 342 3526 sutilibus
376 3463 552 3544 ambagibus
582 3480 653 3524 usus
683 3471 775 3525 esset.
792 3466 911 3546 tamque
933 3467 1094 3548 nugatorio
1117 3467 1222 3547 dispu-

129 3574 360 3668 tandigeuere.
404 3572 465 3636 Sed
480 3571 719 3648 consideremus,
743 3591 820 3652 quae
835 3582 946 3651 narrat,
971 3576 1152 3655 diligentius
1184 3573 1222 3635 ln

126 3677 283 3742 Perinthia
306 3685 419 3742 namot
438 3695 543 3746 senem·
560 3697 628 3740 carn
656 3697 767 3746 amore·
783 3682 883 3761 lopai,
913 3684 946 3743 in
976 3681 1097 3743 Andria
1122 3683 1222 3744 solam

126 3804 196 3850 esse
209 3805 317 3852 senem.
347 3788 387 3849 lta
405 3807 443 3848 ne
457 3789 558 3850 vero?
579 3787 743 3861 Quomodo
768 3797 864 3852 autem
879 3791 983 3868 prima
1001 3808 1097 3878 scena
1115 3789 1221 3851 Parin.

123 3896 206 3958 thiae
236 3913 370 3976 poene
397 3896 537 3994 iisdem
565 3895 702 3960 serbis
729 3899 823 3978 poluit
849 3899 967 3976 scripta
987 3916 1077 3974 esse,
1111 3897 1222 3978 patoes

198 4142 225 4210 7)
244 4139 298 4190 Nisi
317 4139 428 4190 sortasse
446 4140 565 4192 iniuriam
583 4141 671 4192 iecere
695 4144 818 4209 magistro
845 4141 942 4194 librarii
963 4150 989 4192 et
1007 4157 1053 4208 pra
1071 4157 1118 4206 co,
1148 4143 1218 4210 quad

124 4235 241 4300 scripsit,
259 4252 292 4285 ea
309 4251 416 4302 praeca,
436 4244 582 4302 con-uptam
600 4237 837 4303 uobisscripturarn
856 4230 1218 4306 tradideruutnanpraseam,
