<?xml version="1.0" encoding="UTF-8"?>
<!DOCTYPE html PUBLIC "-//W3C//DTD XHTML 1.0 Transitional//EN"
    "http://www.w3.org/TR/xhtml1/DTD/xhtml1-transitional.dtd">
<html xmlns="http://www.w3.org/1999/xhtml" xml:lang="en" lang="en">
 <head>
  <title>
</title>
<meta http-equiv="Content-Type" content="text/html;charset=utf-8" />
  <meta name='ocr-system' content='tesseract 3.04.00' />
  <meta name='ocr-capabilities' content='ocr_page ocr_carea ocr_par ocr_line ocrx_word'/>
</head>
<body>
  <div class='ocr_page' id='page_1' title='image "./quaestionestere00ihnegoog_0010.png"; bbox 0 0 2916 4834; ppageno 0'>
   <div class='ocr_carea' id='block_1_1' title="bbox 153 1353 943 1456">
    <p class='ocr_par' dir='ltr' id='par_1_1' title="bbox 125 1322 1161 1496">
     <span class='ocr_line' id='line_1_1' title="bbox 153 1353 943 1456; baseline 0.022 15.622"><span class='ocrx_word' id='word_1_1' title='bbox 153 1353 943 1456; x_wconf 56' lang='lat' dir='ltr'><strong>riserant,</strong></span> 
     </span>
    </p>
   </div>
   <div class='ocr_carea' id='block_1_2' title="bbox 150 1548 1103 1620">
    <p class='ocr_par' dir='ltr' id='par_1_2' title="bbox 124 1548 1177 1620">
     <span class='ocr_line' id='line_1_2' title="bbox 150 1548 1025 1574; baseline 0.01 -9"><span class='ocrx_word' id='word_1_2' title='bbox 150 1555 153 1563; x_wconf 77' lang='grc' dir='ltr'><strong>ι</strong></span> <span class='ocrx_word' id='word_1_3' title='bbox 382 1552 386 1560; x_wconf 88' lang='grc'><strong>’</strong></span> <span class='ocrx_word' id='word_1_4' title='bbox 451 1551 486 1557; x_wconf 70' lang='grc'><strong>““</strong></span> <span class='ocrx_word' id='word_1_5' title='bbox 584 1548 587 1553; x_wconf 69' lang='grc'><em>“</em></span> <span class='ocrx_word' id='word_1_6' title='bbox 1021 1563 1025 1574; x_wconf 81' lang='lat' dir='ltr'><strong>t</strong></span> 
     </span>
     <span class='ocr_line' id='line_1_3' title="bbox 262 1575 1103 1620; baseline 0.002 -6.738"><span class='ocrx_word' id='word_1_7' title='bbox 262 1581 402 1620; x_wconf 45' lang='lat' dir='ltr'><strong>{eavea</strong></span> <span class='ocrx_word' id='word_1_8' title='bbox 429 1575 433 1607; x_wconf 62' lang='grc' dir='ltr'><strong>ι’</strong></span> <span class='ocrx_word' id='word_1_9' title='bbox 527 1579 532 1610; x_wconf 78' lang='grc' dir='ltr'><strong>ε</strong></span> <span class='ocrx_word' id='word_1_10' title='bbox 555 1575 870 1614; x_wconf 43' lang='lat' dir='ltr'><strong>fimf-*mrumst</strong></span> <span class='ocrx_word' id='word_1_11' title='bbox 905 1577 921 1612; x_wconf 77' lang='grc' dir='ltr'><strong><em>,ι</em></strong></span> <span class='ocrx_word' id='word_1_12' title='bbox 1005 1598 1025 1610; x_wconf 75' lang='grc'><strong>,.</strong></span> <span class='ocrx_word' id='word_1_13' title='bbox 1059 1577 1177 1614; x_wconf 74' lang='lat' dir='ltr'><strong>.t··&#39;&#39;··</strong></span> 
     </span>
    </p>
   </div>
   <div class='ocr_carea' id='block_1_3' title="bbox 169 1669 1209 1873">
    <p class='ocr_par' dir='ltr' id='par_1_3' title="bbox 244 1669 1209 1858">
     <span class='ocr_line' id='line_1_4' title="bbox 1125 1669 1130 1718; baseline 0.011 -0.054"><span class='ocrx_word' id='word_1_14' title='bbox 1125 1669 1130 1718; x_wconf 82' lang='grc' dir='ltr'><strong>ι</strong></span> 
     </span>
     <span class='ocr_line' id='line_1_5' title="bbox 169 1683 1209 1873; baseline 0.008 -71.622"><span class='ocrx_word' id='word_1_15' title='bbox 169 1724 368 1822; x_wconf 83' lang='lat' dir='ltr'><strong>Quum</strong></span> <span class='ocrx_word' id='word_1_16' title='bbox 395 1700 481 1802; x_wconf 75' lang='lat' dir='ltr'><strong>ante</strong></span> <span class='ocrx_word' id='word_1_17' title='bbox 493 1699 573 1836; x_wconf 80' lang='lat' dir='ltr'><strong>hos</strong></span> <span class='ocrx_word' id='word_1_18' title='bbox 596 1709 821 1804; x_wconf 83' lang='lat' dir='ltr'><strong>sedecim</strong></span> <span class='ocrx_word' id='word_1_19' title='bbox 786 1704 928 1828; x_wconf 83' lang='lat' dir='ltr'><strong>menses</strong></span> <span class='ocrx_word' id='word_1_20' title='bbox 940 1683 1109 1873; x_wconf 83' lang='lat' dir='ltr'><strong>hmp</strong></span> <span class='ocrx_word' id='word_1_21' title='bbox 1050 1699 1209 1858; x_wconf 60' lang='lat' dir='ltr'><strong>lts‘s&#39;i&#39;hhs:</strong></span> 
     </span>
    </p>
   </div>
   <div class='ocr_carea' id='block_1_4' title="bbox 110 1820 1210 4276">
    <p class='ocr_par' dir='ltr' id='par_1_4' title="bbox 110 1820 1210 4276">
     <span class='ocr_line' id='line_1_6' title="bbox 118 1820 1209 1978; baseline 0.006 -52"><span class='ocrx_word' id='word_1_22' title='bbox 118 1825 444 1965; x_wconf 78' lang='lat' dir='ltr'><strong>l&#39;hrlosophorum</strong></span> <span class='ocrx_word' id='word_1_23' title='bbox 460 1827 564 1924; x_wconf 89' lang='lat' dir='ltr'><strong>Ordo</strong></span> <span class='ocrx_word' id='word_1_24' title='bbox 569 1821 727 1946; x_wconf 83' lang='lat' dir='ltr'><strong>civihus</strong></span> <span class='ocrx_word' id='word_1_25' title='bbox 747 1820 967 1928; x_wconf 82' lang='lat' dir='ltr'><strong>academicis</strong></span> <span class='ocrx_word' id='word_1_26' title='bbox 980 1821 1109 1928; x_wconf 93' lang='lat' dir='ltr'><strong>de</strong></span> <span class='ocrx_word' id='word_1_27' title='bbox 1030 1886 1209 1978; x_wconf 78' lang='lat' dir='ltr'><strong>praemio</strong></span> 
     </span>
     <span class='ocr_line' id='line_1_7' title="bbox 117 1939 1210 2102; baseline 0.01 -56"><span class='ocrx_word' id='word_1_28' title='bbox 117 1951 304 2076; x_wconf 82' lang='lat' dir='ltr'><strong>certaturis</strong></span> <span class='ocrx_word' id='word_1_29' title='bbox 330 1939 581 2079; x_wconf 77' lang='lat' dir='ltr'><strong>quaestrorierh</strong></span> <span class='ocrx_word' id='word_1_30' title='bbox 608 1939 886 2081; x_wconf 67' lang='lat' dir='ltr'><strong>proposthsset</strong></span> <span class='ocrx_word' id='word_1_31' title='bbox 875 1963 995 2096; x_wconf 79' lang='lat' dir='ltr'><strong>Quae</strong></span> <span class='ocrx_word' id='word_1_32' title='bbox 1017 1983 1210 2102; x_wconf 56' lang='lat' dir='ltr'><strong>Terentius</strong></span> 
     </span>
     <span class='ocr_line' id='line_1_8' title="bbox 116 2075 1209 2208; baseline 0.01 -37"><span class='ocrx_word' id='word_1_33' title='bbox 116 2105 157 2172; x_wconf 85' lang='lat' dir='ltr'><strong>in</strong></span> <span class='ocrx_word' id='word_1_34' title='bbox 181 2100 311 2201; x_wconf 82' lang='lat' dir='ltr'><em>singul</em></span> <span class='ocrx_word' id='word_1_35' title='bbox 311 2104 344 2172; x_wconf 83' lang='lat' dir='ltr'><strong>is</strong></span> <span class='ocrx_word' id='word_1_36' title='bbox 343 2075 523 2190; x_wconf 70' lang='grc' dir='ltr'><strong>ΙιιῖιιιΓΙ</strong></span> <span class='ocrx_word' id='word_1_37' title='bbox 478 2125 510 2172; x_wconf 79' lang='grc' dir='ltr'><strong>ιι</strong></span> <span class='ocrx_word' id='word_1_38' title='bbox 522 2084 660 2199; x_wconf 55' lang='lat' dir='ltr'><strong>graecu</strong></span> <span class='ocrx_word' id='word_1_39' title='bbox 677 2099 849 2198; x_wconf 81' lang='lat' dir='ltr'><strong>exempla</strong></span> <span class='ocrx_word' id='word_1_40' title='bbox 866 2107 915 2174; x_wconf 83' lang='lat' dir='ltr'><strong>sit</strong></span> <span class='ocrx_word' id='word_1_41' title='bbox 926 2121 1074 2179; x_wconf 83' lang='lat' dir='ltr'><strong>secutus</strong></span> <span class='ocrx_word' id='word_1_42' title='bbox 1090 2111 1209 2208; x_wconf 83' lang='lat' dir='ltr'><strong>iisque</strong></span> 
     </span>
     <span class='ocr_line' id='line_1_9' title="bbox 115 2224 1209 2327; baseline 0.005 -32"><span class='ocrx_word' id='word_1_43' title='bbox 115 2224 300 2324; x_wconf 83' lang='lat' dir='ltr'><strong>quomodo</strong></span> <span class='ocrx_word' id='word_1_44' title='bbox 327 2247 416 2296; x_wconf 86' lang='lat' dir='ltr'><strong>usus</strong></span> <span class='ocrx_word' id='word_1_45' title='bbox 440 2227 510 2314; x_wconf 83' lang='lat' dir='ltr'><strong>sit,</strong></span> <span class='ocrx_word' id='word_1_46' title='bbox 548 2248 614 2318; x_wconf 85' lang='lat' dir='ltr'><strong>ego</strong></span> <span class='ocrx_word' id='word_1_47' title='bbox 641 2248 720 2292; x_wconf 91' lang='lat' dir='ltr'><strong>rem</strong></span> <span class='ocrx_word' id='word_1_48' title='bbox 751 2247 831 2292; x_wconf 91' lang='lat' dir='ltr'><strong>sum</strong></span> <span class='ocrx_word' id='word_1_49' title='bbox 857 2247 1061 2320; x_wconf 80' lang='lat' dir='ltr'>aggressus,</span> <span class='ocrx_word' id='word_1_50' title='bbox 1096 2232 1209 2327; x_wconf 83' lang='lat' dir='ltr'><strong>magis</strong></span> 
     </span>
     <span class='ocr_line' id='line_1_10' title="bbox 113 2344 1207 2440; baseline 0.006 -24"><span class='ocrx_word' id='word_1_51' title='bbox 113 2346 266 2418; x_wconf 86' lang='lat' dir='ltr'><strong>audacia</strong></span> <span class='ocrx_word' id='word_1_52' title='bbox 298 2345 457 2440; x_wconf 90' lang='lat' dir='ltr'><strong>quadam</strong></span> <span class='ocrx_word' id='word_1_53' title='bbox 496 2344 643 2412; x_wconf 89' lang='lat' dir='ltr'><strong>iuvenili</strong></span> <span class='ocrx_word' id='word_1_54' title='bbox 670 2345 840 2440; x_wconf 90' lang='lat' dir='ltr'><strong>abreptus</strong></span> <span class='ocrx_word' id='word_1_55' title='bbox 867 2360 903 2416; x_wconf 90' lang='lat' dir='ltr'><strong>et</strong></span> <span class='ocrx_word' id='word_1_56' title='bbox 933 2348 1124 2422; x_wconf 87' lang='lat' dir='ltr'><strong>confidens</strong></span> <span class='ocrx_word' id='word_1_57' title='bbox 1149 2353 1207 2423; x_wconf 91' lang='lat' dir='ltr'><strong>iu-</strong></span> 
     </span>
     <span class='ocr_line' id='line_1_11' title="bbox 116 2467 1206 2570; baseline 0.007 -32"><span class='ocrx_word' id='word_1_58' title='bbox 116 2467 239 2539; x_wconf 82' lang='lat' dir='ltr'><strong>dicum</strong></span> <span class='ocrx_word' id='word_1_59' title='bbox 266 2492 434 2538; x_wconf 90' lang='lat' dir='ltr'><strong>meorum</strong></span> <span class='ocrx_word' id='word_1_60' title='bbox 462 2467 740 2537; x_wconf 87' lang='lat' dir='ltr'><strong>benevolentiae</strong></span> <span class='ocrx_word' id='word_1_61' title='bbox 767 2482 803 2538; x_wconf 91' lang='lat' dir='ltr'><strong>et</strong></span> <span class='ocrx_word' id='word_1_62' title='bbox 828 2470 1062 2566; x_wconf 83' lang='lat' dir='ltr'><strong>clementiae,</strong></span> <span class='ocrx_word' id='word_1_63' title='bbox 1094 2499 1206 2570; x_wconf 91' lang='lat' dir='ltr'><strong>quam</strong></span> 
     </span>
     <span class='ocr_line' id='line_1_12' title="bbox 115 2590 1205 2688; baseline 0.008 -25"><span class='ocrx_word' id='word_1_64' title='bbox 115 2591 219 2688; x_wconf 91' lang='lat' dir='ltr'><strong>quod</strong></span> <span class='ocrx_word' id='word_1_65' title='bbox 256 2590 444 2662; x_wconf 81' lang='lat' dir='ltr'><strong>crederem</strong></span> <span class='ocrx_word' id='word_1_66' title='bbox 470 2591 618 2687; x_wconf 79' lang='lat' dir='ltr'><strong>paucis,</strong></span> <span class='ocrx_word' id='word_1_67' title='bbox 656 2617 751 2688; x_wconf 86' lang='lat' dir='ltr'><strong>quae</strong></span> <span class='ocrx_word' id='word_1_68' title='bbox 784 2594 822 2665; x_wconf 90' lang='lat' dir='ltr'><strong>in</strong></span> <span class='ocrx_word' id='word_1_69' title='bbox 857 2596 1016 2667; x_wconf 82' lang='lat' dir='ltr'><strong>Terentii</strong></span> <span class='ocrx_word' id='word_1_70' title='bbox 1048 2599 1205 2672; x_wconf 90' lang='lat' dir='ltr'><strong>lectione</strong></span> 
     </span>
     <span class='ocr_line' id='line_1_13' title="bbox 115 2713 1204 2813; baseline 0.01 -30"><span class='ocrx_word' id='word_1_71' title='bbox 115 2715 374 2784; x_wconf 81' lang='lat' dir='ltr'><strong>collocaveram</strong></span> <span class='ocrx_word' id='word_1_72' title='bbox 413 2713 542 2784; x_wconf 91' lang='lat' dir='ltr'><strong>studiis</strong></span> <span class='ocrx_word' id='word_1_73' title='bbox 572 2714 656 2785; x_wconf 87' lang='lat' dir='ltr'><strong>satis</strong></span> <span class='ocrx_word' id='word_1_74' title='bbox 690 2739 751 2784; x_wconf 91' lang='lat' dir='ltr'><strong>me</strong></span> <span class='ocrx_word' id='word_1_75' title='bbox 776 2733 1030 2813; x_wconf 89' lang='lat' dir='ltr'><strong>praeparatum</strong></span> <span class='ocrx_word' id='word_1_76' title='bbox 1054 2745 1130 2792; x_wconf 89' lang='lat' dir='ltr'><strong>esse</strong></span> <span class='ocrx_word' id='word_1_77' title='bbox 1156 2722 1204 2794; x_wconf 89' lang='lat' dir='ltr'><strong>ad</strong></span> 
     </span>
     <span class='ocr_line' id='line_1_14' title="bbox 114 2835 1204 2937; baseline 0.012 -33"><span class='ocrx_word' id='word_1_78' title='bbox 114 2837 345 2931; x_wconf 91' lang='lat' dir='ltr'><strong>propositum</strong></span> <span class='ocrx_word' id='word_1_79' title='bbox 373 2861 465 2930; x_wconf 91' lang='lat' dir='ltr'><strong>opus</strong></span> <span class='ocrx_word' id='word_1_80' title='bbox 489 2835 762 2931; x_wconf 89' lang='lat' dir='ltr'><strong>suscipiendum</strong></span> <span class='ocrx_word' id='word_1_81' title='bbox 790 2851 826 2909; x_wconf 89' lang='lat' dir='ltr'><strong>et</strong></span> <span class='ocrx_word' id='word_1_82' title='bbox 860 2865 943 2910; x_wconf 90' lang='lat' dir='ltr'><strong>cum</strong></span> <span class='ocrx_word' id='word_1_83' title='bbox 970 2843 1094 2937; x_wconf 93' lang='lat' dir='ltr'><strong>aliquo</strong></span> <span class='ocrx_word' id='word_1_84' title='bbox 1121 2870 1204 2917; x_wconf 91' lang='lat' dir='ltr'><strong>suc-</strong></span> 
     </span>
     <span class='ocr_line' id='line_1_15' title="bbox 110 2949 1205 3058; baseline 0.01 -28"><span class='ocrx_word' id='word_1_85' title='bbox 110 2949 216 3032; x_wconf 81' lang='lat' dir='ltr'><strong>cessu</strong></span> <span class='ocrx_word' id='word_1_86' title='bbox 241 2957 515 3058; x_wconf 85' lang='lat' dir='ltr'><strong>perficiendam.</strong></span> <span class='ocrx_word' id='word_1_87' title='bbox 567 2959 640 3030; x_wconf 90' lang='lat' dir='ltr'><strong>Nec</strong></span> <span class='ocrx_word' id='word_1_88' title='bbox 665 2983 724 3028; x_wconf 91' lang='lat' dir='ltr'><strong>me</strong></span> <span class='ocrx_word' id='word_1_89' title='bbox 750 2959 873 3030; x_wconf 88' lang='lat' dir='ltr'><strong>lelellit</strong></span> <span class='ocrx_word' id='word_1_90' title='bbox 898 2988 1009 3058; x_wconf 89' lang='lat' dir='ltr'><strong>quam</strong></span> <span class='ocrx_word' id='word_1_91' title='bbox 1029 2966 1141 3039; x_wconf 87' lang='lat' dir='ltr'><strong>habui</strong></span> <span class='ocrx_word' id='word_1_92' title='bbox 1158 2968 1205 3040; x_wconf 93' lang='lat' dir='ltr'><strong>de</strong></span> 
     </span>
     <span class='ocr_line' id='line_1_16' title="bbox 115 3080 1205 3180; baseline 0.013 -30"><span class='ocrx_word' id='word_1_93' title='bbox 115 3080 262 3151; x_wconf 88' lang='lat' dir='ltr'><strong>Ordinis</strong></span> <span class='ocrx_word' id='word_1_94' title='bbox 289 3082 599 3178; x_wconf 86' lang='lat' dir='ltr'><strong>Philosophorum</strong></span> <span class='ocrx_word' id='word_1_95' title='bbox 628 3084 810 3178; x_wconf 80' lang='lat' dir='ltr'><strong>aequitate</strong></span> <span class='ocrx_word' id='word_1_96' title='bbox 837 3086 978 3180; x_wconf 91' lang='lat' dir='ltr'><strong>opinio.</strong></span> <span class='ocrx_word' id='word_1_97' title='bbox 1031 3089 1205 3163; x_wconf 86' lang='lat' dir='ltr'><strong>ludicavit</strong></span> 
     </span>
     <span class='ocr_line' id='line_1_17' title="bbox 115 3184 1204 3307; baseline 0.014 -36"><span class='ocrx_word' id='word_1_98' title='bbox 115 3203 213 3271; x_wconf 92' lang='lat' dir='ltr'><strong>enim</strong></span> <span class='ocrx_word' id='word_1_99' title='bbox 240 3201 287 3272; x_wconf 92' lang='lat' dir='ltr'><strong>de</strong></span> <span class='ocrx_word' id='word_1_100' title='bbox 317 3201 571 3273; x_wconf 75' lang='lat' dir='ltr'><strong>dissertatione</strong></span> <span class='ocrx_word' id='word_1_101' title='bbox 599 3227 681 3272; x_wconf 89' lang='lat' dir='ltr'><strong>mea</strong></span> <span class='ocrx_word' id='word_1_102' title='bbox 705 3217 779 3274; x_wconf 91' lang='lat' dir='ltr'><strong>tam</strong></span> <span class='ocrx_word' id='word_1_103' title='bbox 801 3207 958 3304; x_wconf 85' lang='lat' dir='ltr'><strong>benigne</strong></span> <span class='ocrx_word' id='word_1_104' title='bbox 984 3184 1104 3307; x_wconf 86' lang='lat' dir='ltr'><strong>eoque</strong></span> <span class='ocrx_word' id='word_1_105' title='bbox 1128 3229 1204 3287; x_wconf 92' lang='lat' dir='ltr'><strong>stu-</strong></span> 
     </span>
     <span class='ocr_line' id='line_1_18' title="bbox 112 3324 1202 3418; baseline 0.016 -23"><span class='ocrx_word' id='word_1_106' title='bbox 112 3324 214 3396; x_wconf 90' lang='lat' dir='ltr'><strong>dium</strong></span> <span class='ocrx_word' id='word_1_107' title='bbox 242 3349 364 3394; x_wconf 91' lang='lat' dir='ltr'><strong>meum</strong></span> <span class='ocrx_word' id='word_1_108' title='bbox 391 3338 464 3395; x_wconf 89' lang='lat' dir='ltr'><strong>tam</strong></span> <span class='ocrx_word' id='word_1_109' title='bbox 484 3325 637 3396; x_wconf 87' lang='lat' dir='ltr'><strong>mirifice</strong></span> <span class='ocrx_word' id='word_1_110' title='bbox 661 3328 769 3418; x_wconf 74' lang='lat' dir='ltr'><strong>arisit,</strong></span> <span class='ocrx_word' id='word_1_111' title='bbox 794 3341 834 3398; x_wconf 88' lang='lat' dir='ltr'><strong>ut</strong></span> <span class='ocrx_word' id='word_1_112' title='bbox 854 3333 1111 3406; x_wconf 74' lang='lat' dir='ltr'><strong>constituerem</strong></span> <span class='ocrx_word' id='word_1_113' title='bbox 1127 3365 1202 3412; x_wconf 89' lang='lat' dir='ltr'><strong>non</strong></span> 
     </span>
     <span class='ocr_line' id='line_1_19' title="bbox 111 3448 1199 3547; baseline 0.013 -28"><span class='ocrx_word' id='word_1_114' title='bbox 111 3451 150 3519; x_wconf 89' lang='lat' dir='ltr'><strong>in</strong></span> <span class='ocrx_word' id='word_1_115' title='bbox 182 3448 404 3544; x_wconf 25' lang='lat' dir='ltr'><strong>haclprima</strong></span> <span class='ocrx_word' id='word_1_116' title='bbox 438 3449 631 3519; x_wconf 87' lang='lat' dir='ltr'><strong>subsistere</strong></span> <span class='ocrx_word' id='word_1_117' title='bbox 674 3451 949 3547; x_wconf 81' lang='lat' dir='ltr'><strong>exercitatione,</strong></span> <span class='ocrx_word' id='word_1_118' title='bbox 985 3457 1050 3527; x_wconf 90' lang='lat' dir='ltr'><strong>sed</strong></span> <span class='ocrx_word' id='word_1_119' title='bbox 1085 3474 1199 3533; x_wconf 86' lang='lat' dir='ltr'><strong>totam</strong></span> 
     </span>
     <span class='ocr_line' id='line_1_20' title="bbox 113 3571 1203 3670; baseline 0.015 -31"><span class='ocrx_word' id='word_1_120' title='bbox 113 3572 346 3665; x_wconf 84' lang='lat' dir='ltr'><strong>scriptionem</strong></span> <span class='ocrx_word' id='word_1_121' title='bbox 373 3572 512 3642; x_wconf 91' lang='lat' dir='ltr'><strong>maiore</strong></span> <span class='ocrx_word' id='word_1_122' title='bbox 542 3571 707 3642; x_wconf 88' lang='lat' dir='ltr'><strong>adhibita</strong></span> <span class='ocrx_word' id='word_1_123' title='bbox 732 3571 918 3670; x_wconf 84' lang='lat' dir='ltr'><strong>diligentia</strong></span> <span class='ocrx_word' id='word_1_124' title='bbox 943 3592 979 3648; x_wconf 92' lang='lat' dir='ltr'><strong>et</strong></span> <span class='ocrx_word' id='word_1_125' title='bbox 1003 3581 1089 3652; x_wconf 91' lang='lat' dir='ltr'><strong>lima</strong></span> <span class='ocrx_word' id='word_1_126' title='bbox 1114 3587 1203 3655; x_wconf 91' lang='lat' dir='ltr'><strong>sub-</strong></span> 
     </span>
     <span class='ocr_line' id='line_1_21' title="bbox 113 3692 1199 3776; baseline 0.014 -15"><span class='ocrx_word' id='word_1_127' title='bbox 113 3692 233 3762; x_wconf 93' lang='lat' dir='ltr'><strong>tiliore</strong></span> <span class='ocrx_word' id='word_1_128' title='bbox 258 3707 486 3765; x_wconf 88' lang='lat' dir='ltr'><strong>retractatam</strong></span> <span class='ocrx_word' id='word_1_129' title='bbox 512 3693 549 3762; x_wconf 91' lang='lat' dir='ltr'><strong>in</strong></span> <span class='ocrx_word' id='word_1_130' title='bbox 577 3693 693 3761; x_wconf 91' lang='lat' dir='ltr'><strong>lucem</strong></span> <span class='ocrx_word' id='word_1_131' title='bbox 721 3695 896 3765; x_wconf 89' lang='lat' dir='ltr'><strong>emittere.</strong></span> <span class='ocrx_word' id='word_1_132' title='bbox 950 3698 1101 3773; x_wconf 91' lang='lat' dir='ltr'><strong>Occasio</strong></span> <span class='ocrx_word' id='word_1_133' title='bbox 1122 3729 1199 3776; x_wconf 91' lang='lat' dir='ltr'><strong>sese</strong></span> 
     </span>
     <span class='ocr_line' id='line_1_22' title="bbox 112 3814 1201 3920; baseline 0.013 -36"><span class='ocrx_word' id='word_1_134' title='bbox 112 3814 288 3884; x_wconf 85' lang='lat' dir='ltr'><strong>offerebat</strong></span> <span class='ocrx_word' id='word_1_135' title='bbox 317 3829 603 3911; x_wconf 87' lang='lat' dir='ltr'><strong>peropportuna.</strong></span> <span class='ocrx_word' id='word_1_136' title='bbox 670 3815 759 3887; x_wconf 87' lang='lat' dir='ltr'><strong>Nam</strong></span> <span class='ocrx_word' id='word_1_137' title='bbox 785 3840 900 3910; x_wconf 90' lang='lat' dir='ltr'><strong>quum</strong></span> <span class='ocrx_word' id='word_1_138' title='bbox 927 3819 974 3891; x_wconf 88' lang='lat' dir='ltr'><strong>ad</strong></span> <span class='ocrx_word' id='word_1_139' title='bbox 999 3823 1201 3920; x_wconf 87' lang='lat' dir='ltr'><strong>impetran-</strong></span> 
     </span>
     <span class='ocr_line' id='line_1_23' title="bbox 111 3933 1200 4030; baseline 0.009 -23"><span class='ocrx_word' id='word_1_140' title='bbox 111 3936 178 4007; x_wconf 92' lang='lat' dir='ltr'><strong>dos</strong></span> <span class='ocrx_word' id='word_1_141' title='bbox 204 3961 366 4007; x_wconf 89' lang='lat' dir='ltr'><strong>summos</strong></span> <span class='ocrx_word' id='word_1_142' title='bbox 392 3938 430 4007; x_wconf 92' lang='lat' dir='ltr'><strong>in</strong></span> <span class='ocrx_word' id='word_1_143' title='bbox 443 3933 679 4030; x_wconf 86' lang='lat' dir='ltr'><strong>philosophia</strong></span> <span class='ocrx_word' id='word_1_144' title='bbox 705 3934 866 4008; x_wconf 89' lang='lat' dir='ltr'><strong>honores</strong></span> <span class='ocrx_word' id='word_1_145' title='bbox 888 3937 1091 4014; x_wconf 90' lang='lat' dir='ltr'><strong>dissertatio</strong></span> <span class='ocrx_word' id='word_1_146' title='bbox 1108 3946 1200 4018; x_wconf 93' lang='lat' dir='ltr'><strong>mihi</strong></span> 
     </span>
     <span class='ocr_line' id='line_1_24' title="bbox 115 4056 1203 4157; baseline 0.013 -29"><span class='ocrx_word' id='word_1_147' title='bbox 115 4084 215 4131; x_wconf 91' lang='lat' dir='ltr'><strong>more</strong></span> <span class='ocrx_word' id='word_1_148' title='bbox 241 4072 389 4155; x_wconf 88' lang='lat' dir='ltr'><strong>recepto</strong></span> <span class='ocrx_word' id='word_1_149' title='bbox 412 4056 604 4128; x_wconf 88' lang='lat' dir='ltr'><strong>scribenda</strong></span> <span class='ocrx_word' id='word_1_150' title='bbox 630 4068 734 4148; x_wconf 79' lang='lat' dir='ltr'><strong>esset,</strong></span> <span class='ocrx_word' id='word_1_151' title='bbox 760 4058 851 4128; x_wconf 92' lang='lat' dir='ltr'><strong>nihil</strong></span> <span class='ocrx_word' id='word_1_152' title='bbox 876 4064 994 4157; x_wconf 90' lang='lat' dir='ltr'><strong>aptius</strong></span> <span class='ocrx_word' id='word_1_153' title='bbox 1025 4068 1117 4138; x_wconf 91' lang='lat' dir='ltr'><strong>mihi</strong></span> <span class='ocrx_word' id='word_1_154' title='bbox 1147 4071 1203 4142; x_wconf 83' lang='lat' dir='ltr'><strong>vi-</strong></span> 
     </span>
     <span class='ocr_line' id='line_1_25' title="bbox 113 4179 1202 4276; baseline 0.013 -25"><span class='ocrx_word' id='word_1_155' title='bbox 113 4180 264 4254; x_wconf 88' lang='lat' dir='ltr'><strong>debatur</strong></span> <span class='ocrx_word' id='word_1_156' title='bbox 290 4196 326 4253; x_wconf 91' lang='lat' dir='ltr'><strong>et</strong></span> <span class='ocrx_word' id='word_1_157' title='bbox 352 4179 584 4253; x_wconf 89' lang='lat' dir='ltr'><strong>commodius</strong></span> <span class='ocrx_word' id='word_1_158' title='bbox 620 4205 731 4276; x_wconf 86' lang='lat' dir='ltr'><strong>quam</strong></span> <span class='ocrx_word' id='word_1_159' title='bbox 762 4184 815 4252; x_wconf 90' lang='lat' dir='ltr'><strong>uti</strong></span> <span class='ocrx_word' id='word_1_160' title='bbox 841 4183 888 4254; x_wconf 89' lang='lat' dir='ltr'><strong>ad</strong></span> <span class='ocrx_word' id='word_1_161' title='bbox 917 4186 1013 4259; x_wconf 90' lang='lat' dir='ltr'><strong>hanc</strong></span> <span class='ocrx_word' id='word_1_162' title='bbox 1038 4215 1115 4262; x_wconf 89' lang='lat' dir='ltr'><strong>rem</strong></span> <span class='ocrx_word' id='word_1_163' title='bbox 1142 4194 1202 4266; x_wconf 88' lang='lat' dir='ltr'><strong>illa</strong></span> 
     </span>
    </p>
   </div>
   <div class='ocr_carea' id='block_1_5' title="bbox 982 4319 997 4379">
    <p class='ocr_par' dir='ltr' id='par_1_5' title="bbox 982 4319 997 4379">
     <span class='ocr_line' id='line_1_26' title="bbox 982 4319 997 4379; baseline 0 0"><span class='ocrx_word' id='word_1_164' title='bbox 982 4319 997 4379; x_wconf 90' lang='lat' dir='ltr'><strong>l</strong></span> 
     </span>
    </p>
   </div>
   <div class='ocr_carea' id='block_1_6' title="bbox 0 0 1462 4834">
    <p class='ocr_par' dir='ltr' id='par_1_6' title="bbox 0 0 1462 4834">
     <span class='ocr_line' id='line_1_27' title="bbox 0 0 1462 4834; baseline 0 1"><span class='ocrx_word' id='word_1_165' title='bbox 0 0 1462 4834; x_wconf 95' lang='lat' dir='ltr'><strong> </strong></span> 
     </span>
    </p>
   </div>
  </div>
 </body>
</html>
