2916 4834
582 395 831 467 ...37—

163 582 396 648 imbecillitatem
419 578 542 658 demdel,
562 583 591 640 ct
609 579 691 640 iusta
709 592 812 655 poena
832 571 936 654 afficit,
957 571 1076 652 loaqe
1097 565 1253 630 inlelli-

163 685 612 774 qeatioremosleudit,
639 701 757 764 qaam
777 681 941 761 qualem
961 679 1002 740 ia
1027 675 1253 755 colloquiis

163 801 250 863 cam
274 798 382 878 'Syro
410 789 708 875 c'oqaasclraus3
740 790 901 868 eademque
920 785 1058 849 Miclaals
1083 789 1255 860 causaest,

160 892 250 986 quem
269 923 328 984 qua
347 903 527 983 pnldealius
547 899 730 963 luctuum
762 897 858 978 pa'um
885 894 924 966 da
941 901 1048 973 stupro
1080 891 1256 970 Pamphilae

164 1015 250 1076 illato
274 1012 469 1092 castiqautem
489 989 641 1088 saeuus,
664 1025 700 1069 eo
718 1006 815 1086 maqls
835 1005 1053 1080 miramur,
1075 1019 1123 1062 ue
1149 999 1255 1062 adeo

163 1123 318 1202 quidem
340 1107 508 1190 acimum
530 1137 637 1180 saara
657 1117 878 1203 affirmare
899 1119 1054 1195 posse,
1071 1118 1112 1174 at
1131 1117 1255 1173 leme-

168 1230 306 1294 raris's
324 1229 447 1314 illias
465 1225 676 1316 precibus
698 1225 744 1288 de
763 1219 901 1288 matre
914 1221 1085 1300 puellae
1111 1219 1257 1282 ducea-

167 1339 215 1405 da
240 1317 398 1418 rteqare¹
414 1335 631 1406 sustineat.
674 1333 708 1395 ln
728 1333 775 1396 his
792 1341 910 1413 ‘operae
931 1329 1058 1410 pretium
1081 1333 1130 1390 est
1149 1325 1256 1390 videre

166 1446 353 1527 quantopere
374 1459 409 1506 se
429 1439 568 1524 torqueat
579 1441 767 1504 llermannus
788 1439 931 1502 simulans
951 1435 983 1499 id
1005 1445 1039 1500 se
1060 1438 1257 1498 excusareet

167 1551 344 1628 defendere,
365 1550 445 1630 quod
468 1549 577 1612 eodem
596 1555 731 1628 tempore
754 1543 957 1628 reprehendit

249 1658 328 1722 Nihil
350 1665 449 1721 autem
472 1665 572 1738 potest
596 1659 693 1738 magis
713 1673 823 1736 vagum
845 1671 916 1718 esse
938 1657 969 1714 el
988 1651 1146 1727 incertum,
1169 1666 1257 1729 qnam

166 1773 365 1850 argumenta,
400 1766 507 1847 quibus
534 1767 667 1847 graecam
689 1761 808 1826 fabulae
837 1761 1007 1841 latinaeque
1027 1759 1173 1839 principia
1197 1756 1259 1819 dil-

168 1870 250 1936 ler're
273 1874 315 1934 ait
336 1889 398 1948 eo,
420 1871 501 1951 quod
524 1871 626 1948 apud
649 1868 869 1932 Terentiam
892 1866 1027 1929 amaia
1054 1865 1138 1950 (scil.
1160 1865 1258 1946 raptio

123 1971 127 1989 “
163 1976 328 2057 psaltriae)
349 1977 496 2056 nescio
516 1959 697 2038 ldicioae
714 1980 925 2055 per-calar,
946 1972 1072 2052 isque
1090 1976 1260 2052 peracta

168 2083 310 2146 demunt
329 2095 369 2151 ra
391 2082 547 2146 certior
566 2083 709 2164 factus
727 2081 899 2162 [acinus
920 2075 1137 2156 collaudet,
1159 2079 1261 2158 apud

168 2191 433 2274 lleaaa'drum
461 2171 589 2254 aulem
616 2191 749 2254 statim
772 2188 992 2251 redeuutes
1018 2206 1039 2251 a
1070 2187 1260 2250 commis-

156 2296 332 2358 satioae
352 2297 456 2376 apud
473 2292 516 2359 s'e
536 2297 757 2376 receperit,
783 2312 905 2384 eoque
933 2282 1059 2359 meac
1080 2313 1160 2357 aaa
1182 2300 1261 2359 tam

164 2403 302 2496 leuem
321 2409 358 2466 et
378 2403 691 2484 imbecillarum
715 2411 869 2492 aqueas,
898 2404 969 2467 sed
994 2402 1261 2482 Periplecto-

169 2512 297 2584 meals
325 2510 449 2574 illias
468 2512 658 2576 Plautini
681 2513 822 2574 instar
854 2512 1034 2576 ltilarem
1064 2517 1101 2573 et
1127 2509 1260 2591 festi·-

167 2637 253 2682 eam
272 2627 592 2699 cooperatorem
612 2620 943 2700 seleqaibuere't?
983 2621 1067 2683 Haec
1089 2619 1261 2700 disputatio,

169 2733 228 2806 qua
248 2735 310 2790 na'n
324 2728 460 2790 modain
480 2715 641 2792 scenarum
658 2729 855 2810 dispositione
873 2730 1060 2806 varietatem,
1075 2727 1175 2790 sed-in
1188 2743 1260 2789 mo-

168 2834 252 2896 ribus
273 2834 444 2898 terentiani
464 2835 699 2917 Menandreique
719 2837 802 2900 senis
831 2835 1034 2899 diversitatem
1054 2851 1117 2898 non
1140 2835 1261 2898 medio-

168 2961 252 3006 crem
272 2944 399 3026 subesse
419 2945 593 3024 contendit,
626 2945 784 3008 videamus
808 2933 915 3028 quibus
932 2945 1044 3008 nitatur
1063 2946 1258 3026 argumentis.

169 3051 205 3116 Sl
225 3052 349 3131 medios,
371 3055 413 3116 ait
425 3053 622 3132 Hennnnnus,
641 3053 767 3136 [walae
787 3058 874 3115 aclas
895 3052 1066 3131 sequimur,
1083 3070 1160 3131 quos
1180 3052 1261 3112 iate-

168 3176 242 3238 qros
263 3160 455 3222 transtulisse
481 3160 638 3222 Terentius
657 3161 795 3238 uidetur,
823 3159 1070 3226 aesetmattmum
1092 3158 1170 3236 erit,
1190 3157 1260 3220 llle-

169 3267 319 3328 aaudrum
349 3272 440 3329 lolam
473 3267 620 3330 actiaaau
639 3268 684 3331 ita
706 3265 892 3348 tmaua'ce,
923 3273 958 3329 ut
979 3265 1122 3329 Minionis
1142 3266 1261 3330 animus

169 3376 246 3438 leuis
271 3383 301 3440 el
316 3381 467 3456 paleruus
488 3376 666 3440 causaue
687 3395 808 3456 semper
820 3375 981 3440 tumultus
992 3375 1171 3457 splenderet,
1192 3375 1260 3437 lle-

167 3501 237 3544 ruea
268 3489 369 3545 autem
398 3482 576 3565 obiurqatar
594 3490 667 3562 post
686 3484 858 3546 diutummm
880 3482 1054 3546 leuamen
1071 3483 1183 3546 stolida
1202 3499 1262 3546 suo

168 3591 282 3670 fiducia
300 3609 451 3655 wcussas
468 3597 624 3672 postrenmo
642 3591 711 3671 ipse
729 3590 869 3653 malleus
888 3591 1073 3673 pedibusque
1099 3592 1142 3654 ad
1160 3591 1260 3653 loeta

165 3697 213 3767 lt'tt
232 3698 321 3778 uqrta
339 3701 547 3781 conspueret
562 3713 656 3780 eaque
672 3705 766 3780 pacto
788 3705 1013 3780 arqumealum,
1034 3699 1136 3779 quod
1155 3716 1262 3761 auca

168 3805 294 3868 aaria
316 3811 355 3867 et
373 3806 672 3888 inexspectata
693 3806 1006 3871 uicissitudine
1035 3806 1154 3885 quasi
1179 3806 1261 3887 fla-

170 3875 370 4082 cescat&
392 3912 522 3992 stuprat
553 3921 643 3994 arque
670 3915 824 3995 aequatur
849 3915 901 3996 pu
920 3914 964 3977 co
981 3915 1070 3994 poen
1087 3913 1261 3979 uacua

165 4019 249 4096 ‚llaic
269 4037 311 4082 aa
387 4020 522 4081 iulittae
539 4023 630 4092 multo
647 4025 788 4104 profecta
808 4023 905 4104 maqis
922 4022 1126 4101 cauaeaiebol,
1149 4027 1263 4084 atsto.

170 4128 222 4190 arn
244 4127 284 4192 alr
308 4127 394 4193 tatto
414 4137 599 4209 appareret,
618 4139 731 4210 quanto
753 4132 787 4194 iu
809 4149 918 4193 errore
938 4129 1053 4194 llemea
1074 4136 1264 4210 vacaretur,

170 4249 260 4319 quara
280 4236 464 4304 luctuum
484 4233 555 4320 sat,
576 4256 638 4302 corr
659 4237 833 4320 Ctesipltoul
850 4236 1014 4322 psaltriam
1031 4237 1176 4319 rapuisse
1187 4255 1261 4300 cea-
