2916 4834
673 373 918 442 ..30-

251 561 443 626 referendum
462 567 613 624 censente
625 559 758 628 Stuhaec
779 560 1011 639 (licentio)
1029 559 1147 624 allatum
1171 565 1215 625 Τί
1231 563 1333 628 πολλὰ

249 676 356 752 τηρεῖν
375 667 477 730 antid
501 668 553 730 det
570 665 752 746 dadcaxdra3
780 670 859 750 quod
882 670 1048 732 Meinelrius
1070 672 1229 734 autumavit
1250 671 1335 754 (ling.

249 776 332 840 Com.
352 794 398 857 gr.
421 776 468 837 tv.
494 775 550 854 71)
573 795 634 838 aon
656 777 823 840 abhorrere
845 777 1024 854 uMicioals
1047 780 1175 860 tapecia
1209 781 1249 844 nt
1262 782 1334 845 mihi

248 883 367 948 uidetur
388 884 554 948 abhorrere
573 903 659 966 quam
682 887 849 968 plurimum,
872 888 1036 951 convenire
1057 896 1155 952 autern
1178 891 1209 952 in
1224 908 1335 970 perso-

249 1009 319 1054 nam
341 993 447 1072 Getae,
470 995 521 1074 qui
541 994 590 1056 lll.
614 997 642 1072 l,
663 996 703 1058 52
727 998 824 1060 uictus
847 978 940 1060 lierae
960 999 1145 1079 argumentis
1167 999 1240 1078 dicit
1258 999 1339 1074 Quid

248 1100 329 1181 istic,
355 1109 386 1163 el
405 1104 514 1182 optime
537 1103 651 1166 addere
674 1106 769 1185 potuit
793 1109 826 1168 τί
843 1102 941 1168 antid
964 1112 1071 1188 τηρεῖν
1095 1104 1194 1170 πολλὰ
1215 1109 1268 1171 δεῖ
1281 1109 1336 1172 de-

248 1204 388 1272 δοικότα.
419 1210 527 1272 Omisit
549 1210 656 1272 iterum
679 1211 1037 1274 Terentiussententiam
1057 1214 1244 1293 generalem.

328 1316 459 1380 Scenam
480 1318 557 1382 itte
579 1319 742 1382 Grauertus
767 1327 888 1402 propter
907 1322 1118 1384 oeconomiam
1136 1321 1255 1384 labulae
1268 1341 1332 1386 non

247 1427 381 1507 potuisse
405 1445 422 1490 a
443 1445 556 1509 graeca
576 1428 731 1490 Menandri
753 1429 862 1492 abesse
881 1436 966 1494 recte
985 1429 1067 1493 vidit.
1110 1431 1256 1494 Firmanis
1275 1431 1335 1494 hoc

246 1535 418 1598 testimonio
449 1536 651 1612 scholiastae,
682 1539 732 1618 qui
760 1538 790 1599 in
815 1536 923 1600 codiee
946 1525 1092 1600 Bembina
1113 1539 1154 1600 ad
1172 1540 1221 1602 tv.
1243 1542 1275 1615 5,
1297 1541 1338 1605 59

247 1643 409 1724 adscripsit
430 1644 592 1708 Menandri
626 1665 648 1708 u
669 1691 836 1709 ......
857 1664 912 1706 cus
931 1652 980 1708 eat
999 1647 1032 1707 in
1051 1649 1103 1710 illo
1124 1649 1190 1709 loco
1212 1665 1270 1726 quc
1294 1694 1302 1710 .
1329 1693 1337 1709 .

246 1795 255 1815 .
280 1799 289 1815 .
311 1797 320 1816 .
340 1801 349 1818 .
369 1751 564 1836 γυμνάτερον
587 1798 752 1818 ......
774 1758 886 1816 aculon
906 1753 976 1816 abel
997 1754 1017 1814 lt
1037 1795 1045 1815 .
1068 1801 1077 1817 .
1100 1799 1108 1815 .
1130 1760 1195 1832 ,an

330 1860 409 1924 Nihil
430 1861 505 1924 dixit
526 1861 689 1926 Grauertns
716 1862 754 1926 de
775 1862 877 1926 scenis
898 1861 933 1924 V.
953 1863 984 1941 5,
1008 1863 1042 1924 V.
1065 1861 1097 1941 6,
1118 1861 1154 1924 V.
1179 1861 1208 1924 7.
1250 1861 1331 1935 Quas

249 1985 308 2050 ego
331 1987 370 2030 ex
389 1969 555 2032 Menandro
574 1971 757 2050 repetendas
779 1971 906 2049 denseo,
928 1971 998 2052 quia
1020 1987 1098 2050 quae
1119 1971 1233 2036 Demea
1254 1969 1289 2032 V.
1310 1968 1333 2030 4

248 2093 349 2140 secum
360 2085 362 2094 '
372 2075 511 2156 loquitur,
533 2078 591 2139 nisi
612 2084 673 2138 tres
689 2078 757 2140 illae
771 2095 883 2140 scenae
897 2078 1095 2156 intercedant,
1119 2079 1240 2140 minime
1255 2093 1334 2140 oon-

248 2191 359 2266 gruunt
382 2202 448 2247 cum
466 2183 527 2262 iis,
555 2201 633 2265 quae
653 2202 747 2248 scena
771 2184 847 2249 tte
879 2183 960 2246 idem
979 2184 1103 2248 Micioni
1125 2185 1207 2248 dicit
1257 2185 1332 2247 Nam

245 2294 347 2374 priore
367 2293 440 2356 loco
461 2294 527 2356 sine
548 2295 631 2356 omni
655 2295 752 2356 ironia
779 2293 878 2357 fratris
902 2311 1003 2357 mores
1027 2295 1090 2357 suis
1104 2293 1333 2376 anteponendos
1406 2295 1409 2301 “

245 2403 357 2465 Demea
379 2401 544 2482 prolitetur,
565 2421 621 2481 se,
641 2402 721 2466 illum
743 2409 911 2484 apreatom,
934 2415 1079 2481 succum,
1100 2403 1232 2482 tristem,
1252 2421 1335 2482 par-

195 2539 196 2544 *
244 2529 321 2589 mam,
340 2512 547 2586 truculentum,
569 2517 704 2573 tenacem
720 2529 813 2592 prope
833 2512 906 2589 odit,
927 2512 1049 2573 fratrem
1063 2519 1186 2590 propter
1205 2512 1336 2572 comita·-

244 2622 304 2680 tem
327 2625 357 2680 et
378 2618 567 2682 clementiam
587 2619 724 2706 laudibus
747 2618 871 2681 extollit.
915 2617 1054 2680 Alidem
1076 2617 1203 2678 scena&
1225 2614 1333 2676 dolose

244 2733 275 2789 et
294 2726 440 2790 insidiose
459 2727 582 2791 manem
605 2726 644 2791 ad
664 2728 785 2790 nimiam
804 2725 1013 2788 liberalitatem
1034 2732 1064 2788 et
1076 2724 1204 2804 ineptias
1224 2721 1332 2804 impet.

211 2829 213 2834 ’
245 2835 288 2912 lit,
310 2849 370 2913 quo
391 2833 649 2914 ostendatquam
670 2832 873 2914 imprudenter
895 2838 967 2913 agat
988 2833 1037 2910 is,
1060 2833 1111 2911 qui
1130 2833 1252 2896 nonnisi
1273 2847 1335 2894 oo·-

243 2943 346 3004 mitate
369 2947 398 3004 et
420 2923 507 3004 donis
528 2943 642 3005 amicos
665 2959 734 3004 esse
754 2940 905 3021 parandos
928 2947 1052 3002 censeat
1064 2943 1119 3017 2⁸).
1173 2939 1234 3002 lam
1255 2938 1334 3002 ridel

244 3048 325 3130 quod
357 3055 445 3112 antea
474 3066 664 3130 summopere
690 3049 839 3112 iudicarat
865 3065 937 3111 esse
958 3048 1167 3110 affectandum.
1209 3047 1333 3112 Scilicet

245 3165 334 3220 antea
353 3156 405 3233 (V.
427 3157 463 3234 3)
489 3159 611 3239 cognito
635 3157 762 3220 duritiae
778 3175 851 3222 suae
868 3163 904 3218 et.
918 3158 1087 3219 tenacitatis
1100 3157 1184 3234 vitio,
1205 3156 1236 3218 id
1250 3158 1331 3238 quod

247 3283 372 3350 prorsus
393 3264 560 3348 oppositum
583 3270 639 3344 est,
663 3264 808 3328 censebat
827 3281 896 3328 esse
919 3262 1129 3346 exoptandam,
1151 3281 1223 3328 mox
1242 3272 1332 3339 (sce-
1439 3251 1440 3256 ’

248 3377 294 3440 nis
318 3375 386 3454 5,6
410 3382 440 3437 ct
452 3372 488 3452 7)
513 3391 569 3438 usu
592 3373 707 3454 didicit,
728 3376 850 3438 nimium
871 3373 921 3436 hio
946 3390 1065 3454 quoque
1085 3373 1223 3437 vitiosum
1246 3385 1331 3444 esse;

249 3483 379 3562 denique
399 3499 503 3546 veram
522 3480 618 3558 viam,
649 3497 727 3562 quac
759 3479 943 3558 mediaest,
971 3480 1085 3544 invonit
1113 3487 1144 3542 et
1170 3476 1330 3542 Micionem

246 3591 380 3670 fratrem,
405 3609 424 3652 a
445 3607 503 3670 quo
525 3595 612 3652 antea
636 3589 742 3651 doctus
762 3595 793 3650 et
813 3589 966 3674 institutus¹
984 3593 1058 3663 erat,
1080 3587 1144 3665 ipse
1167 3585 1330 3647 docet·in-

248 3700 407 3779 sciuntque.
451 3698 524 3760 Nam
547 3696 578 3760 id
600 3713 693 3779 agere
715 3701 844 3776 poetam,
866 3703 898 3759 ut
918 3697 1007 3757 etiam
1031 3693 1168 3756 Minionis
1189 3692 1329 3775 aliquan-

242 3815 303 3872 tum
321 3809 411 3870 nimiu
433 3814 463 3870 et
486 3805 657 3888 imprudens
679 3803 861 3888 indulgentia
885 3807 1080 3881 coerceatur,
1102 3819 1191 3865 nemo
1213 3803 1330 3882 estqui

311 4052 356 4127 24)
377 4055 409 4110 ἐν
430 4053 507 4125 ὕπνῳ
528 4052 630 4106 videtur
648 4053 674 4104 in
691 4053 872 4124 γυμνάτερον
891 4051 982 4120 lutere.¹

313 4153 358 4218 25)
375 4152 545 4218 Apertiesime
563 4149 612 4200 hoc
631 4147 724 4200 docent
743 4147 821 4200 verba
847 4151 903 4202 eiua
935 4147 963 4200 V.
986 4147 1013 4212 8,
1030 4149 1083 4202 35:
1102 4147 1154 4200 Suo
1181 4143 1230 4196 m'lli
1257 4141 1324 4196 luae
1436 4175 1437 4180 κ

242 4248 333 4322 pladic
351 4246 437 4318 lupulo
456 4247 504 4320 (ac.
521 4246 678 4317 Micionem).
