2916 4834
648 381 898 450 ..16-

226 564 318 626 Pides
331 560 443 626 'enim'
458 563 614 643 utriusque
645 563 825 627 comaediae
850 567 992 647 =graecae·
1011 578 1161 646 personas
1194 571 1224 632 in
1251 586 1314 632 non

221 673 326 752 paucis
346 671 447 732 scenis
467 671 512 732 ito
529 672 812 751 coniunctasesse,
833 679 866 734 ut
889 691 907 734 e
928 680 1035 736 neutra
1059 674 1223 740 fabularum
1244 677 1314 738 lle-

222 778 423 840 nandrearum
447 793 503 838 eae
525 781 638 840 scenae
659 778 754 840 tluere
768 779 925 841 'videantur
937 783 1080 860 potuisse.
1114 781 1157 846 lta
1173 785 1204 844 in
1220 801 1314 848 suerio

221 885 257 948 ll.
281 887 300 946 2
323 885 441 948 Gnatho
462 885 611 966 parasitus
638 893 685 948 est
713 894 743 948 et
771 888 917 950 Parmeno
940 907 1072 967 servus,
1100 909 1195 954 scena
1223 892 1271 954 lll.
1297 895 1312 954 1

223 993 338 1056 Thraso
362 994 448 1056 miles
471 1011 538 1055 cum
551 993 710 1056 Gnathone
723 1001 754 1056 et
769 995 965 1074 Parmenone,
984 1015 1077 1060 scena
1090 998 1175 1061 lita·
1190 999 1315 1079 Thraso,

223 1102 351 1181 Gnatho,
370 1102 459 1164 Thais
480 1105 631 1179 meretrici,
652 1103 808 1182 Parmeno,
828 1105 956 1184 Pythias.
999 1105 1045 1167 Ex
1065 1105 1210 1171 Eunucho
1223 1125 1315 1190 porro

219 1209 365 1272 translata
384 1216 430 1272 est
444 1227 577 1291 persona
595 1210 772 1287 Chremetis,
795 1225 882 1292 quern
902 1213 1038 1276 videmus
1056 1215 1230 1278 arctissime
1245 1223 1313 1278 eunt

222 1318 342 1382 Colacis
363 1321 502 1399 personis
522 1319 556 1380 in
576 1319 671 1380 latina
690 1319 792 1381 tabula
816 1329 886 1382 esse
909 1322 1111 1400 coniunctum,
1134 1323 1242 1403 quippe
1263 1325 1315 1403 qui

219 1427 256 1488 in·
275 1443 372 1488 coena
394 1427 552 1488 accumbat
574 1445 640 1489 cum
665 1427 784 1489 Thaide
806 1427 959 1510 militeque
982 1436 1013 1491 et
1036 1447 1128 1492 eausa
1149 1431 1195 1492 sit
1213 1433 1315 1493 exorti

220 1535 299 1596 inter
322 1535 377 1610 eo's
393 1535 489 1616 'iurgii
511 1535 581 1610 (lvo
591 1537 647 1614 l).n
665 1559 667 1566 ⁴
682 1536 882 1610 [damascena
896 1537 945 1599 lV.
958 1537 994 1598 n
1008 1545 1113 1600 contra
1128 1537 1316 1602 Thrasonem!

217 1644 347 1724 eiusque
375 1642 703 1704 exereitumzdeleridit
729 1643 863 1707 domuum
877 1645 1056 1706 meretricis.
1096 1647 1313 1724 EDaniqua‘in

217 1757 368 1831 postrema
390 1767 482 1810 scena
502 1755 602 1828 partes
626 1755 693 1810 sunt
715 1748 881 1826 Chaereae,
901 1749 1114 1826 Parmenonis,
1133 1751 1312 1829 Phaedriae,

217 1861 268 1938 qui
290 1875 395 1919 omnes
416 1857 566 1937 pertinent
588 1855 625 1917 ad
648 1855 825 1917 Eunuchum
846 1863 877 1917 et
898 1855 1061 1918 Thrasonis
1084 1872 1151 1918 eum
1166 1860 1309 1937 parasito.

216 1967 293 2028 ilinc
316 1968 414 2028 statim
446 1965 619 2044 intelligitur
639 1982 776 2044 magnam
807 1963 912 2026 harum
934 1981 1093 2027 scenarum
1116 1973 1230 2046 partem
1250 1984 1313 2028 non

215 2075 349 2156 potuisse
384 2075 564 2133 immutatam
596 2089 637 2132 ex
669 2070 781 2132 Colace
814 2070 930 2133 desumi
938 2093 946 2148 3
980 2075 1047 2135 eius
1078 2076 1158 2134 enim
1192 2072 1312 2136 fabula'e

216 2195 387 2263 personae,
422 2179 536 2241 Thraso
570 2183 599 2238 et
633 2177 751 2240 Gnatho
774 2178 811 2239 ah
845 2178 981 2241 Eunuchi
1019 2188 1196 2261 argumento
1226 2187 1313 2243 erant

216 2290 344 2366 alienae,
366 2305 483 2368 exque
507 2287 684 2352 necessario
708 2287 919 2366 consequitur,
945 2287 1078 2354 Terentii
1101 2290 1194 2351 verba
1216 2289 1309 2370 (prol.

217 2400 257 2462 30
272 2407 353 2478 sqq.)
376 2397 481 2476 quibus
505 2395 668 2474 parasitum
690 2400 720 2454 et
739 2394 862 2456 militem
885 2394 923 2455 de
944 2393 1055 2456 Colace
1086 2414 1121 2458 se
1151 2405 1311 2460 mutuatum

217 2507 298 2583 dicit,
320 2523 381 2567 non
403 2504 440 2565 ad
464 2503 604 2566 amussim
625 2519 696 2564 esse
719 2500 869 2583 exigenda
891 2504 943 2581 ita,
964 2509 995 2562 ut
1006 2502 1140 2581 intepros
1161 2521 1214 2564 eas
1234 2521 1310 2582 per-

217 2632 310 2680 sonas
348 2613 420 2677 inde
451 2613 585 2674 dicamus
615 2613 773 2691 migrasse.
821 2611 862 2671 At
891 2629 929 2671 ne
965 2611 1051 2670 soloe
1085 2610 1203 2688 quidem
1239 2607 1308 2670 illae

217 2743 256 2786 ex
280 2722 391 2785 Colace
411 2726 480 2783 sunt
505 2719 660 2798 adscitae,
690 2735 867 2798 quamquam
896 2717 1003 2780 nullam
1035 2716 1122 2778 aliam
1149 2716 1306 2779 Terentius

215 2831 387 2896 nominavit
438 2829 526 2890 Certe
548 2829 665 2908 Sanga,
698 2827 747 2907 qui
769 2832 816 2888 est
838 2827 868 2886 in
892 2825 992 2888 militis
1016 2826 1152 2887 exercitu
1171 2824 1234 2902 (lV.
1259 2825 1307 2900 7),

213 2941 351 3024 prolecto
375 2955 442 2999 curn
459 2943 519 2997 tota
545 2951 648 3012 scena,
670 2935 700 2994 in
722 2939 857 3014 quaest,
878 2933 1015 2995 eColaec
1035 2935 1174 2996 accessit.
1207 2933 1307 3005 Quare

215 3053 279 3114 iure
302 3054 407 3110 nostro
429 3045 576 3126 suspicari
597 3059 775 3126 possumus,
798 3042 904 3103 eadem
926 3042 1116 3124 ,negligentia
1137 3041 1307 3104 Terentium

215 3161 289 3232 alias
313 3173 461 3240 personas
477 3152 693 3236 praeteriisse,
717 3168 791 3230 quas
814 3169 831 3211 e
854 3149 965 3234 Colape
996 3148 1188 3226 transtulerit,
1213 3150 1308 3212 satis-

217 3269 327 3332 factum
348 3283 428 3346 esse,¹
440 3261 661 3344 spectatoribus
687 3267 802 3340 ratnprp
817 3259 843 3320 si
857 3257 940 3342 duas
958 3258 1143 3337 nominasset
1162 3275 1308 3338 personas

213 3374 424 3458 principales
459 3371 520 3452 Sed
547 3375 581 3431 ut
604 3383 758 3432 assumere
784 3383 801 3426 e
826 3365 937 3450 Colace
958 3365 1042 3445 plura
1062 3371 1152 3446 atque
1173 3365 1250 3426 adeo
1274 3369 1308 3428 ut.

216 3485 307 3554 milite
330 3488 360 3542 et
382 3479 516 3561 parasito
539 3484 643 3557 posset
664 3477 695 3537 in
716 3473 863 3560 Eunucho
887 3491 941 3535 sua
963 3474 1027 3550 uti,
1047 3489 1176 3534 neeesse
1194 3477 1240 3532 est
1260 3471 1307 3531 si-

213 3591 407 3654 militudinem
433 3586 644 3670 intercessisse
666 3585 744 3646 inter
766 3582 906 3645 Colacem
924 3588 955 3644 et
980 3580 1155 3642 Eunuchum
1177 3577 1305 3640 Menan-

213 3700 260 3762 dri
283 3715 345 3759 nan
368 3696 561 3758 mediocrem.
604 3692 750 3754 Probatur
771 3690 830 3751 hoc
853 3689 943 3750 certis
965 3686 1095 3748 indiciis.
1145 3685 1219 3748 Nam
1240 3687 1305 3767 pri-

212 3828 310 3887 mum,
339 3807 366 3868 si
387 3819 541 3866 numerum
563 3806 675 3862 tantum
696 3814 875 3880 graecarum
905 3793 1129 3856 comoediarum
1151 3794 1303 3877 ingentem

211 3914 407 3998 perpenderis
429 3919 459 3974 et
478 3911 665 3992 reputaveris
688 3908 784 3984 simul,
807 3907 884 3988 intra
904 3909 1005 3965 certas
1021 3910 1169 3966 certarum
1191 3920 1303 3984 perso-

210 4041 318 4088 narum
336 4023 551 4100 actionumque
567 4019 642 4100 fines
654 4020 702 4100 ¹³),
717 4022 809 4098 artem
834 4013 982 4076 comicam
1001 4013 1130 4097 versari,
1152 4011 1218 4074 lieri
1239 4027 1301 4072 uon

212 4149 461 4166 ...--—---—·--

246 4229 291 4302 13)
309 4228 404 4282 Omnes
422 4226 478 4304 iera
497 4238 622 4292 personas
640 4222 756 4282 nominat
771 4220 905 4274 Terentius
924 4217 991 4280 Eur.
1013 4216 1079 4285 prol.
1098 4217 1160 4276 355,
1192 4265 1196 4274 ,
1233 4239 1236 4250 ·
