2916 4834
590 319 644 422 Ι·-
690 375 740 446 ’35
791 411 839 426 -

171 563 222 640 poi
252 559 422 623 istiusmodi
453 578 546 621 sceno
579 559 721 636 carebat,
754 559 926 638 neutiquam
957 561 1056 623 decuit
1092 561 1261 639 Micionem,

168 671 220 748 qai
244 670 324 732 domi
341 687 417 730 strae
438 669 599 746 remansit,
623 668 758 728 naretiom
786 667 823 728 de
848 667 904 746 pto
926 668 976 730 soi
997 669 1178 748 farinacea
1199 670 1266 734 Do-

163 795 236 840 mea
270 777 403 853 demam
430 777 483 854 peri
514 795 588 838 rore
617 775 741 838 odoeait
769 775 918 854 occipere.
979 777 1019 838 At
1045 776 1184 857 proiecto
1213 778 1265 840 tali

166 891 345 966 argomento
368 899 428 944 non
448 885 489 946 uti
513 884 644 947 debebat
666 886 715 945 vir
735 883 864 962 doctus,
899 901 986 966 quem
1019 903 1123 965 parum
1154 886 1262 950 talibus

167 994 200 1054 in
231 991 322 1053 rebus
355 997 475 1054 veteres
514 993 648 1054 comicos
680 998 787 1072 poetas
824 997 991 1072 temporum
1028 993 1176 1054 rationem
1211 1011 1266 1056 rc-

165 1095 325 1178 apexisse,
350 1107 488 1180 reputare
510 1102 619 1162 decuit.
664 1099 724 1162 Sed
747 1098 796 1160 hio
826 1116 865 1159 ne
888 1100 1024 1180 neglexit
1044 1100 1162 1179 quidem
1182 1107 1264 1162 tem-

167 1222 242 1284 pora
260 1207 427 1268 terentius.
469 1205 549 1269 Nihil
571 1207 650 1268 enim
673 1207 777 1268 mirum
800 1212 862 1285 est,
892 1205 1074 1283 Micionem,
1102 1209 1152 1286 qui
1173 1208 1262 1270 vixe

60 1375 64 1394 ἵ,
169 1315 249 1376 lecto
264 1316 430 1377 surrexerit
440 1317 595 1395 ignorare,
619 1314 700 1394 rprod
721 1315 750 1374 in
761 1315 880 1394 publico
895 1314 1004 1376 iactum
1022 1316 1135 1378 Demea
1157 1314 1261 1376 urbem

165 1422 261 1500 prima
284 1421 352 1482 lu'ce
373 1421 556 1500 percurrens
579 1420 616 1480 ab
648 1437 709 1482 uno
740 1420 875 1482 alterove
906 1421 938 1482 in
971 1421 1020 1482 via
1050 1421 1139 1484 facile
1165 1423 1261 1502 potuit

166 1529 347 1589 resciscere.
400 1527 474 1590 Nem
506 1529 536 1588 in
568 1543 606 1588 eo
628 1527 707 1607 qood
731 1527 804 1590 dicit
826 1528 847 1588 l.
872 1528 900 1605 2,
927 1527 965 1588 13
987 1527 1019 1590 io
1039 1545 1095 1588 ore
1115 1535 1162 1588 est
1183 1528 1264 1591 omni

161 1635 294 1713 popolo,
318 1649 470 1716 agnosces
490 1636 640 1698 hominem
664 1633 820 1698 iracundie
843 1641 873 1696 el
899 1641 1008 1700 furore.
1024 1635 1208 1716 exagitatum
1230 1642 1261 1700 ci

161 1743 313 1824 ingratum
336 1742 478 1824 quicquid
499 1745 603 1806 verbis
625 1749 874 1824 exaggerantem.
899 1751 902 1756 '

161 1867 164 1872 ·
227 1851 295 1911 Non
319 1850 487 1928 probabilia
506 1852 662 1930 hueusque
675 1851 864 1914 Hermannos
885 1851 1021 1911 narravit
1028 1869 1038 1926 ;
1060 1850 1141 1928 quod
1161 1857 1262 1920 antem

162 1956 225 2016 iam
248 1957 393 2035 sequitur,
416 1963 475 2018 tam
498 1958 604 2019 mirum
626 1963 674 2018 est
693 1963 723 2018 et
742 1955 939 2036 paradoxum,
960 1957 1126 2018 asserione
1139 1957 1260 2019 anioco

160 2064 308 2143 prolatum
332 2066 371 2125 sit
391 2063 482 2126 liceat
507 2063 653 2126 dubitare.
702 2065 836 2144 Namque
866 2061 967 2141 Quiri,
996 2064 1059 2138 ait,
1088 2064 1170 2142 qnod
1190 2063 1261 2142 ipsa

163 2171 304 2234 Micionis
325 2172 422 2235 cerba
443 2173 527 2251 optol
550 2171 735 2253 Terentiam,
759 2171 867 2248 quibos
889 2171 1034 2234 Demeam
1053 2169 1262 2250 obiorpaatem

162 2279 340 2357 eceptio),
359 2280 403 2340 ito
422 2285 602 2358 comparato
625 2283 711 2354 sont,
732 2283 768 2337 at
788 2277 818 2337 si
839 2294 943 2340 eaeo.
957 2295 1070 2356 praeco
1091 2278 1260 2356 eoemplori

166 2403 318 2465 expressa
338 2403 524 2464 oeconomos,
543 2386 685 2464 profecto
702 2384 844 2463 prodere·
858 2384 1030 2458 oidemrtnr,
1052 2384 1187 2448 illiciam
1199 2403 1258 2448 no-

162 2499 224 2556 tam
244 2493 358 2556 Memini
375 2493 484 2574 samse,
507 2498 695 2572 propropter
717 2491 833 2554 Donec
851 2491 978 2570 antiret,
999 2498 1089 2572 omno
1108 2493 1208 2572 eiam,
1228 2493 1258 2554 si

162 2601 220 2663 troc
242 2617 360 2681 qoopae
381 2603 426 2663 ito
446 2601 598 2681 replicari
616 2600 730 2680 possit,
752 2599 951 2678 otntiicamos,
973 2599 1114 2676 Micioni,
1136 2600 1257 2664 Moos-

159 2725 220 2768 noe
232 2710 342 2790 fratris
366 2710 507 2772 tristitiae
527 2715 661 2783 ossnem,
682 2707 757 2769 matt
774 2707 889 2769 insoliti
909 2707 942 2768 in
963 2706 1020 2769 icc
1039 2725 1150 2787 penore
1169 2709 1256 2772 ocei-

160 2814 233 2876 dere
253 2817 407 2894 potuisse,
440 2816 531 2878 iobet
561 2823 661 2878 tomen
689 2815 766 2878 itoec
797 2816 868 2894 ipso
896 2815 1025 2893 lenias,
1054 2815 1136 2894 qaod
1152 2816 1254 2896 primo

159 2927 286 3001 aspecto
305 2922 494 2984 veiamento
514 2919 654 3004 offendat,
676 2940 772 3002 nepae
792 2922 912 2984 omnino
926 2922 1251 3003 animumanimum

155 3032 190 3091 in
210 3045 322 3110 praeco
341 3031 510 3110 exemplari
529 3051 646 3094 moram
668 3031 908 3110 descriptionem,
927 3031 961 3092 in
980 3046 1042 3110 poa
1050 3029 1252 3110 praeeipuam

161 3135 292 3197 Terentii
315 3139 434 3200 toaclam
453 3138 587 3217 positam
606 3138 704 3220 foisse
733 3143 852 3201 coastat
863 3141 927 3217 ²9),
950 3138 984 3200 in
1004 3145 1133 3217 atropoe
1150 3137 1252 3219 fratre

159 3250 221 3322 tom
242 3251 387 3307 occorote
409 3262 589 3324 capreosam
616 3243 734 3326 foisse,
763 3251 797 3307 ot
817 3245 1037 3326 iliceaeque,
1065 3245 1147 3325 poert
1168 3245 1253 3325 opaci

162 3350 332 3414 reanum
351 3369 428 3414 sone
449 3352 586 3434 licata),
608 3353 638 3416 si
659 3353 733 3434 poio
751 3371 792 3416 aa
815 3354 944 3417 actionis
961 3360 1075 3418 ootaro
1092 3353 1250 3436 sufficim-

158 3466 217 3521 tem
237 3458 470 3540 explicationem
489 3477 550 3523 non
571 3461 712 3540 inheret,
740 3480 917 3538 eameram
939 3461 1153 3526 observatione
1172 3479 1251 3541 sop-

153 3567 236 3647 pleri
257 3575 288 3630 et
305 3570 396 3649 poesi
422 3575 614 3650 compensari
641 3576 748 3651 posset
762 3571 829 3653 (tt).
884 3571 1002 3650 Audi03
1034 3571 1152 3636 scilicet
1178 3572 1249 3651 quia

226 3835 274 3905 28)
291 3833 339 3886 Ad.
358 3836 378 3887 1.
396 3837 423 3901 2,
439 3838 456 3889 3
472 3837 556 3890 Dicin
573 3838 622 3891 icc
641 3839 722 3906 tere?

118 3913 121 3920 ’
227 3928 273 3999 29)
293 3928 359 3982 Mon.
379 3947 403 3998 p.
414 3931 468 3984 att
491 3935 524 3987 tn
543 3935 700 4003 orpomeotis
716 3934 846 3986 Caeciliae
861 3933 945 4003 poscit
961 3941 1083 4003 patmon,
1100 3934 1130 3986 in
1150 3933 1248 3986 etiesin

162 4022 300 4088 Terentius,
317 4025 347 4076 io
363 4027 521 4080 sermonibus
540 4029 653 4082 Plaotm.
697 4027 797 4080 Charis.
816 4026 909 4082 lnstitt.
929 4043 1036 4097 merem.
1053 4028 1087 4082 ll.
1106 4043 1169 4097 pag..
1186 4029 1246 4082 215.

155 4115 259 4170 Puteoli.
279 4119 334 4188 ἤθη
354 4131 382 4175 ot
402 4124 440 4175 ait
463 4122 556 4188 Varro,
574 4125 641 4180 nolli
659 4124 708 4176 olii
725 4138 831 4175 semare
850 4125 987 4189 convenit,
1007 4139 1083 4193 poam
1104 4124 1195 4178 Titinio
1223 4129 1248 4174 et

164 4213 287 4268 Terentio.
